%YAML 1.1
%TAG !u! tag:unity3d.com,2011:
--- !u!1 &8278726562882311603
GameObject:
  m_ObjectHideFlags: 0
  m_CorrespondingSourceObject: {fileID: 0}
  m_PrefabInstance: {fileID: 0}
  m_PrefabAsset: {fileID: 0}
  serializedVersion: 6
  m_Component:
  - component: {fileID: 8336520533343060984}
  - component: {fileID: 8045709252899753002}
  m_Layer: 0
  m_Name: Map19
  m_TagString: Untagged
  m_Icon: {fileID: 0}
  m_NavMeshLayer: 0
  m_StaticEditorFlags: 0
  m_IsActive: 1
--- !u!4 &8336520533343060984
Transform:
  m_ObjectHideFlags: 0
  m_CorrespondingSourceObject: {fileID: 0}
  m_PrefabInstance: {fileID: 0}
  m_PrefabAsset: {fileID: 0}
  m_GameObject: {fileID: 8278726562882311603}
  m_LocalRotation: {x: 0, y: 0, z: 0, w: 1}
  m_LocalPosition: {x: 0, y: 0, z: 0}
  m_LocalScale: {x: 1, y: 1, z: 1}
  m_Children:
  - {fileID: 8567921476764908589}
  - {fileID: 44265909954705304}
  - {fileID: 3321201958069845977}
  - {fileID: 3387643148409713649}
  - {fileID: 5167506934295383252}
  - {fileID: 3679700695927981718}
  - {fileID: 2344912402344927072}
  m_Father: {fileID: 0}
  m_RootOrder: 0
  m_LocalEulerAnglesHint: {x: 0, y: 0, z: 0}
--- !u!114 &8045709252899753002
MonoBehaviour:
  m_ObjectHideFlags: 0
  m_CorrespondingSourceObject: {fileID: 0}
  m_PrefabInstance: {fileID: 0}
  m_PrefabAsset: {fileID: 0}
  m_GameObject: {fileID: 8278726562882311603}
  m_Enabled: 1
  m_EditorHideFlags: 0
  m_Script: {fileID: 11500000, guid: 2094b3483abfa294e8f875d77c46178a, type: 3}
  m_Name: 
  m_EditorClassIdentifier: 
  poolItemName: Map19
--- !u!1001 &943707033441332939
PrefabInstance:
  m_ObjectHideFlags: 0
  serializedVersion: 2
  m_Modification:
    m_TransformParent: {fileID: 8336520533343060984}
    m_Modifications:
    - target: {fileID: 974460941788551507, guid: c6b456542fbd29f4aa18b79f4e56adb7,
        type: 3}
      propertyPath: m_RootOrder
      value: 1
      objectReference: {fileID: 0}
    - target: {fileID: 974460941788551507, guid: c6b456542fbd29f4aa18b79f4e56adb7,
        type: 3}
      propertyPath: m_LocalPosition.x
      value: 1.9630322
      objectReference: {fileID: 0}
    - target: {fileID: 974460941788551507, guid: c6b456542fbd29f4aa18b79f4e56adb7,
        type: 3}
      propertyPath: m_LocalPosition.y
      value: -0.11522722
      objectReference: {fileID: 0}
    - target: {fileID: 974460941788551507, guid: c6b456542fbd29f4aa18b79f4e56adb7,
        type: 3}
      propertyPath: m_LocalPosition.z
      value: 0
      objectReference: {fileID: 0}
    - target: {fileID: 974460941788551507, guid: c6b456542fbd29f4aa18b79f4e56adb7,
        type: 3}
      propertyPath: m_LocalRotation.w
      value: 1
      objectReference: {fileID: 0}
    - target: {fileID: 974460941788551507, guid: c6b456542fbd29f4aa18b79f4e56adb7,
        type: 3}
      propertyPath: m_LocalRotation.x
      value: -0
      objectReference: {fileID: 0}
    - target: {fileID: 974460941788551507, guid: c6b456542fbd29f4aa18b79f4e56adb7,
        type: 3}
      propertyPath: m_LocalRotation.y
      value: -0
      objectReference: {fileID: 0}
    - target: {fileID: 974460941788551507, guid: c6b456542fbd29f4aa18b79f4e56adb7,
        type: 3}
      propertyPath: m_LocalRotation.z
      value: -0
      objectReference: {fileID: 0}
    - target: {fileID: 974460941788551507, guid: c6b456542fbd29f4aa18b79f4e56adb7,
        type: 3}
      propertyPath: m_LocalEulerAnglesHint.x
      value: 0
      objectReference: {fileID: 0}
    - target: {fileID: 974460941788551507, guid: c6b456542fbd29f4aa18b79f4e56adb7,
        type: 3}
      propertyPath: m_LocalEulerAnglesHint.y
      value: 0
      objectReference: {fileID: 0}
    - target: {fileID: 974460941788551507, guid: c6b456542fbd29f4aa18b79f4e56adb7,
        type: 3}
      propertyPath: m_LocalEulerAnglesHint.z
      value: 0
      objectReference: {fileID: 0}
    - target: {fileID: 974460941788551510, guid: c6b456542fbd29f4aa18b79f4e56adb7,
        type: 3}
      propertyPath: m_Name
      value: UncolorPlatform
      objectReference: {fileID: 0}
    m_RemovedComponents: []
  m_SourcePrefab: {fileID: 100100000, guid: c6b456542fbd29f4aa18b79f4e56adb7, type: 3}
--- !u!4 &44265909954705304 stripped
Transform:
  m_CorrespondingSourceObject: {fileID: 974460941788551507, guid: c6b456542fbd29f4aa18b79f4e56adb7,
    type: 3}
  m_PrefabInstance: {fileID: 943707033441332939}
  m_PrefabAsset: {fileID: 0}
--- !u!1001 &2487861038804085410
PrefabInstance:
  m_ObjectHideFlags: 0
  serializedVersion: 2
  m_Modification:
    m_TransformParent: {fileID: 8336520533343060984}
    m_Modifications:
    - target: {fileID: 974460941788551507, guid: fe831bebf54445f4b85aa693984dd56e,
        type: 3}
      propertyPath: m_RootOrder
      value: 3
      objectReference: {fileID: 0}
    - target: {fileID: 974460941788551507, guid: fe831bebf54445f4b85aa693984dd56e,
        type: 3}
      propertyPath: m_LocalPosition.x
      value: -0.88
      objectReference: {fileID: 0}
    - target: {fileID: 974460941788551507, guid: fe831bebf54445f4b85aa693984dd56e,
        type: 3}
      propertyPath: m_LocalPosition.y
      value: 3.67
      objectReference: {fileID: 0}
    - target: {fileID: 974460941788551507, guid: fe831bebf54445f4b85aa693984dd56e,
        type: 3}
      propertyPath: m_LocalPosition.z
      value: 0
      objectReference: {fileID: 0}
    - target: {fileID: 974460941788551507, guid: fe831bebf54445f4b85aa693984dd56e,
        type: 3}
      propertyPath: m_LocalRotation.w
      value: 1
      objectReference: {fileID: 0}
    - target: {fileID: 974460941788551507, guid: fe831bebf54445f4b85aa693984dd56e,
        type: 3}
      propertyPath: m_LocalRotation.x
      value: -0
      objectReference: {fileID: 0}
    - target: {fileID: 974460941788551507, guid: fe831bebf54445f4b85aa693984dd56e,
        type: 3}
      propertyPath: m_LocalRotation.y
      value: -0
      objectReference: {fileID: 0}
    - target: {fileID: 974460941788551507, guid: fe831bebf54445f4b85aa693984dd56e,
        type: 3}
      propertyPath: m_LocalRotation.z
      value: -0
      objectReference: {fileID: 0}
    - target: {fileID: 974460941788551507, guid: fe831bebf54445f4b85aa693984dd56e,
        type: 3}
      propertyPath: m_LocalEulerAnglesHint.x
      value: 0
      objectReference: {fileID: 0}
    - target: {fileID: 974460941788551507, guid: fe831bebf54445f4b85aa693984dd56e,
        type: 3}
      propertyPath: m_LocalEulerAnglesHint.y
      value: 0
      objectReference: {fileID: 0}
    - target: {fileID: 974460941788551507, guid: fe831bebf54445f4b85aa693984dd56e,
        type: 3}
      propertyPath: m_LocalEulerAnglesHint.z
      value: 0
      objectReference: {fileID: 0}
    - target: {fileID: 974460941788551510, guid: fe831bebf54445f4b85aa693984dd56e,
        type: 3}
      propertyPath: m_Name
      value: WoodLargeVerticlePlatform
      objectReference: {fileID: 0}
    m_RemovedComponents: []
  m_SourcePrefab: {fileID: 100100000, guid: fe831bebf54445f4b85aa693984dd56e, type: 3}
--- !u!4 &3387643148409713649 stripped
Transform:
  m_CorrespondingSourceObject: {fileID: 974460941788551507, guid: fe831bebf54445f4b85aa693984dd56e,
    type: 3}
  m_PrefabInstance: {fileID: 2487861038804085410}
  m_PrefabAsset: {fileID: 0}
--- !u!1001 &2563318420847797898
PrefabInstance:
  m_ObjectHideFlags: 0
  serializedVersion: 2
  m_Modification:
    m_TransformParent: {fileID: 8336520533343060984}
    m_Modifications:
    - target: {fileID: 974460941788551507, guid: 65279831e3c1bde43af21995e66a7f12,
        type: 3}
      propertyPath: m_RootOrder
      value: 2
      objectReference: {fileID: 0}
    - target: {fileID: 974460941788551507, guid: 65279831e3c1bde43af21995e66a7f12,
        type: 3}
      propertyPath: m_LocalPosition.x
      value: -1.9969678
      objectReference: {fileID: 0}
    - target: {fileID: 974460941788551507, guid: 65279831e3c1bde43af21995e66a7f12,
        type: 3}
      propertyPath: m_LocalPosition.y
      value: 5.1947727
      objectReference: {fileID: 0}
    - target: {fileID: 974460941788551507, guid: 65279831e3c1bde43af21995e66a7f12,
        type: 3}
      propertyPath: m_LocalPosition.z
      value: 0
      objectReference: {fileID: 0}
    - target: {fileID: 974460941788551507, guid: 65279831e3c1bde43af21995e66a7f12,
        type: 3}
      propertyPath: m_LocalRotation.w
      value: 1
      objectReference: {fileID: 0}
    - target: {fileID: 974460941788551507, guid: 65279831e3c1bde43af21995e66a7f12,
        type: 3}
      propertyPath: m_LocalRotation.x
      value: -0
      objectReference: {fileID: 0}
    - target: {fileID: 974460941788551507, guid: 65279831e3c1bde43af21995e66a7f12,
        type: 3}
      propertyPath: m_LocalRotation.y
      value: -0
      objectReference: {fileID: 0}
    - target: {fileID: 974460941788551507, guid: 65279831e3c1bde43af21995e66a7f12,
        type: 3}
      propertyPath: m_LocalRotation.z
      value: -0
      objectReference: {fileID: 0}
    - target: {fileID: 974460941788551507, guid: 65279831e3c1bde43af21995e66a7f12,
        type: 3}
      propertyPath: m_LocalEulerAnglesHint.x
      value: 0
      objectReference: {fileID: 0}
    - target: {fileID: 974460941788551507, guid: 65279831e3c1bde43af21995e66a7f12,
        type: 3}
      propertyPath: m_LocalEulerAnglesHint.y
      value: 0
      objectReference: {fileID: 0}
    - target: {fileID: 974460941788551507, guid: 65279831e3c1bde43af21995e66a7f12,
        type: 3}
      propertyPath: m_LocalEulerAnglesHint.z
      value: 0
      objectReference: {fileID: 0}
    - target: {fileID: 974460941788551510, guid: 65279831e3c1bde43af21995e66a7f12,
        type: 3}
      propertyPath: m_Name
      value: UncolorLargeHorizontalPlatform
      objectReference: {fileID: 0}
    m_RemovedComponents: []
  m_SourcePrefab: {fileID: 100100000, guid: 65279831e3c1bde43af21995e66a7f12, type: 3}
--- !u!4 &3321201958069845977 stripped
Transform:
  m_CorrespondingSourceObject: {fileID: 974460941788551507, guid: 65279831e3c1bde43af21995e66a7f12,
    type: 3}
  m_PrefabInstance: {fileID: 2563318420847797898}
  m_PrefabAsset: {fileID: 0}
--- !u!1001 &4906058582838105811
PrefabInstance:
  m_ObjectHideFlags: 0
  serializedVersion: 2
  m_Modification:
    m_TransformParent: {fileID: 8336520533343060984}
    m_Modifications:
    - target: {fileID: 2512356475991624543, guid: e96aff542bbe5f8429b2a04c28067434,
        type: 3}
      propertyPath: portalID
      value: 1
      objectReference: {fileID: 0}
    - target: {fileID: 2512356475991624543, guid: e96aff542bbe5f8429b2a04c28067434,
        type: 3}
      propertyPath: spawnPoint
      value: 
      objectReference: {fileID: 5002602912444706269}
    - target: {fileID: 8576329238772830272, guid: e96aff542bbe5f8429b2a04c28067434,
        type: 3}
      propertyPath: m_Name
      value: VerticlePortalGateIn
      objectReference: {fileID: 0}
    - target: {fileID: 8576329238772830277, guid: e96aff542bbe5f8429b2a04c28067434,
        type: 3}
      propertyPath: m_RootOrder
      value: 5
      objectReference: {fileID: 0}
    - target: {fileID: 8576329238772830277, guid: e96aff542bbe5f8429b2a04c28067434,
        type: 3}
      propertyPath: m_LocalPosition.x
      value: 0.33303213
      objectReference: {fileID: 0}
    - target: {fileID: 8576329238772830277, guid: e96aff542bbe5f8429b2a04c28067434,
        type: 3}
      propertyPath: m_LocalPosition.y
      value: 5.254773
      objectReference: {fileID: 0}
    - target: {fileID: 8576329238772830277, guid: e96aff542bbe5f8429b2a04c28067434,
        type: 3}
      propertyPath: m_LocalPosition.z
      value: 0
      objectReference: {fileID: 0}
    - target: {fileID: 8576329238772830277, guid: e96aff542bbe5f8429b2a04c28067434,
        type: 3}
      propertyPath: m_LocalRotation.w
      value: 1
      objectReference: {fileID: 0}
    - target: {fileID: 8576329238772830277, guid: e96aff542bbe5f8429b2a04c28067434,
        type: 3}
      propertyPath: m_LocalRotation.x
      value: -0
      objectReference: {fileID: 0}
    - target: {fileID: 8576329238772830277, guid: e96aff542bbe5f8429b2a04c28067434,
        type: 3}
      propertyPath: m_LocalRotation.y
      value: -0
      objectReference: {fileID: 0}
    - target: {fileID: 8576329238772830277, guid: e96aff542bbe5f8429b2a04c28067434,
        type: 3}
      propertyPath: m_LocalRotation.z
      value: -0
      objectReference: {fileID: 0}
    - target: {fileID: 8576329238772830277, guid: e96aff542bbe5f8429b2a04c28067434,
        type: 3}
      propertyPath: m_LocalEulerAnglesHint.x
      value: 0
      objectReference: {fileID: 0}
    - target: {fileID: 8576329238772830277, guid: e96aff542bbe5f8429b2a04c28067434,
        type: 3}
      propertyPath: m_LocalEulerAnglesHint.y
      value: 0
      objectReference: {fileID: 0}
    - target: {fileID: 8576329238772830277, guid: e96aff542bbe5f8429b2a04c28067434,
        type: 3}
      propertyPath: m_LocalEulerAnglesHint.z
      value: 0
      objectReference: {fileID: 0}
    m_RemovedComponents: []
  m_SourcePrefab: {fileID: 100100000, guid: e96aff542bbe5f8429b2a04c28067434, type: 3}
--- !u!4 &3679700695927981718 stripped
Transform:
  m_CorrespondingSourceObject: {fileID: 8576329238772830277, guid: e96aff542bbe5f8429b2a04c28067434,
    type: 3}
  m_PrefabInstance: {fileID: 4906058582838105811}
  m_PrefabAsset: {fileID: 0}
--- !u!1001 &5346713105676621191
PrefabInstance:
  m_ObjectHideFlags: 0
  serializedVersion: 2
  m_Modification:
    m_TransformParent: {fileID: 8336520533343060984}
    m_Modifications:
    - target: {fileID: 974460941788551507, guid: fe831bebf54445f4b85aa693984dd56e,
        type: 3}
      propertyPath: m_RootOrder
      value: 4
      objectReference: {fileID: 0}
    - target: {fileID: 974460941788551507, guid: fe831bebf54445f4b85aa693984dd56e,
        type: 3}
      propertyPath: m_LocalPosition.x
      value: 3.3030322
      objectReference: {fileID: 0}
    - target: {fileID: 974460941788551507, guid: fe831bebf54445f4b85aa693984dd56e,
        type: 3}
      propertyPath: m_LocalPosition.y
      value: 3.754773
      objectReference: {fileID: 0}
    - target: {fileID: 974460941788551507, guid: fe831bebf54445f4b85aa693984dd56e,
        type: 3}
      propertyPath: m_LocalPosition.z
      value: 0
      objectReference: {fileID: 0}
    - target: {fileID: 974460941788551507, guid: fe831bebf54445f4b85aa693984dd56e,
        type: 3}
      propertyPath: m_LocalRotation.w
      value: 1
      objectReference: {fileID: 0}
    - target: {fileID: 974460941788551507, guid: fe831bebf54445f4b85aa693984dd56e,
        type: 3}
      propertyPath: m_LocalRotation.x
      value: -0
      objectReference: {fileID: 0}
    - target: {fileID: 974460941788551507, guid: fe831bebf54445f4b85aa693984dd56e,
        type: 3}
      propertyPath: m_LocalRotation.y
      value: -0
      objectReference: {fileID: 0}
    - target: {fileID: 974460941788551507, guid: fe831bebf54445f4b85aa693984dd56e,
        type: 3}
      propertyPath: m_LocalRotation.z
      value: -0
      objectReference: {fileID: 0}
    - target: {fileID: 974460941788551507, guid: fe831bebf54445f4b85aa693984dd56e,
        type: 3}
      propertyPath: m_LocalEulerAnglesHint.x
      value: 0
      objectReference: {fileID: 0}
    - target: {fileID: 974460941788551507, guid: fe831bebf54445f4b85aa693984dd56e,
        type: 3}
      propertyPath: m_LocalEulerAnglesHint.y
      value: 0
      objectReference: {fileID: 0}
    - target: {fileID: 974460941788551507, guid: fe831bebf54445f4b85aa693984dd56e,
        type: 3}
      propertyPath: m_LocalEulerAnglesHint.z
      value: 0
      objectReference: {fileID: 0}
    - target: {fileID: 974460941788551510, guid: fe831bebf54445f4b85aa693984dd56e,
        type: 3}
      propertyPath: m_Name
      value: WoodLargeVerticlePlatform
      objectReference: {fileID: 0}
    m_RemovedComponents: []
  m_SourcePrefab: {fileID: 100100000, guid: fe831bebf54445f4b85aa693984dd56e, type: 3}
--- !u!4 &5167506934295383252 stripped
Transform:
  m_CorrespondingSourceObject: {fileID: 974460941788551507, guid: fe831bebf54445f4b85aa693984dd56e,
    type: 3}
  m_PrefabInstance: {fileID: 5346713105676621191}
  m_PrefabAsset: {fileID: 0}
--- !u!1001 &8469151019594346272
PrefabInstance:
  m_ObjectHideFlags: 0
  serializedVersion: 2
  m_Modification:
    m_TransformParent: {fileID: 8336520533343060984}
    m_Modifications:
    - target: {fileID: 3523124577621705469, guid: 9df63bda7547ebe4aa77a9ddcdde78d8,
        type: 3}
      propertyPath: id
      value: 1
      objectReference: {fileID: 0}
    - target: {fileID: 6125663626299945024, guid: 9df63bda7547ebe4aa77a9ddcdde78d8,
        type: 3}
      propertyPath: m_RootOrder
      value: 6
      objectReference: {fileID: 0}
    - target: {fileID: 6125663626299945024, guid: 9df63bda7547ebe4aa77a9ddcdde78d8,
        type: 3}
      propertyPath: m_LocalPosition.x
      value: 2.1630323
      objectReference: {fileID: 0}
    - target: {fileID: 6125663626299945024, guid: 9df63bda7547ebe4aa77a9ddcdde78d8,
        type: 3}
      propertyPath: m_LocalPosition.y
      value: 5.304773
      objectReference: {fileID: 0}
    - target: {fileID: 6125663626299945024, guid: 9df63bda7547ebe4aa77a9ddcdde78d8,
        type: 3}
      propertyPath: m_LocalPosition.z
      value: 0
      objectReference: {fileID: 0}
    - target: {fileID: 6125663626299945024, guid: 9df63bda7547ebe4aa77a9ddcdde78d8,
        type: 3}
      propertyPath: m_LocalRotation.w
      value: 1
      objectReference: {fileID: 0}
    - target: {fileID: 6125663626299945024, guid: 9df63bda7547ebe4aa77a9ddcdde78d8,
        type: 3}
      propertyPath: m_LocalRotation.x
      value: -0
      objectReference: {fileID: 0}
    - target: {fileID: 6125663626299945024, guid: 9df63bda7547ebe4aa77a9ddcdde78d8,
        type: 3}
      propertyPath: m_LocalRotation.y
      value: -0
      objectReference: {fileID: 0}
    - target: {fileID: 6125663626299945024, guid: 9df63bda7547ebe4aa77a9ddcdde78d8,
        type: 3}
      propertyPath: m_LocalRotation.z
      value: -0
      objectReference: {fileID: 0}
    - target: {fileID: 6125663626299945024, guid: 9df63bda7547ebe4aa77a9ddcdde78d8,
        type: 3}
      propertyPath: m_LocalEulerAnglesHint.x
      value: 0
      objectReference: {fileID: 0}
    - target: {fileID: 6125663626299945024, guid: 9df63bda7547ebe4aa77a9ddcdde78d8,
        type: 3}
      propertyPath: m_LocalEulerAnglesHint.y
      value: 0
      objectReference: {fileID: 0}
    - target: {fileID: 6125663626299945024, guid: 9df63bda7547ebe4aa77a9ddcdde78d8,
        type: 3}
      propertyPath: m_LocalEulerAnglesHint.z
      value: 0
      objectReference: {fileID: 0}
    - target: {fileID: 6125663626299945029, guid: 9df63bda7547ebe4aa77a9ddcdde78d8,
        type: 3}
      propertyPath: m_Name
      value: VerticlePortalGateOut
      objectReference: {fileID: 0}
    m_RemovedComponents: []
  m_SourcePrefab: {fileID: 100100000, guid: 9df63bda7547ebe4aa77a9ddcdde78d8, type: 3}
--- !u!4 &2344912402344927072 stripped
Transform:
  m_CorrespondingSourceObject: {fileID: 6125663626299945024, guid: 9df63bda7547ebe4aa77a9ddcdde78d8,
    type: 3}
  m_PrefabInstance: {fileID: 8469151019594346272}
  m_PrefabAsset: {fileID: 0}
--- !u!114 &5002602912444706269 stripped
MonoBehaviour:
  m_CorrespondingSourceObject: {fileID: 3523124577621705469, guid: 9df63bda7547ebe4aa77a9ddcdde78d8,
    type: 3}
  m_PrefabInstance: {fileID: 8469151019594346272}
  m_PrefabAsset: {fileID: 0}
  m_GameObject: {fileID: 0}
  m_Enabled: 1
  m_EditorHideFlags: 0
  m_Script: {fileID: 11500000, guid: 3e7a92a3d3d07824096a844d468b154a, type: 3}
  m_Name: 
  m_EditorClassIdentifier: 
--- !u!1001 &8890849073822672254
PrefabInstance:
  m_ObjectHideFlags: 0
  serializedVersion: 2
  m_Modification:
    m_TransformParent: {fileID: 8336520533343060984}
    m_Modifications:
    - target: {fileID: 974460941788551507, guid: 4fc5728158fb46042902a5e680b3db8e,
        type: 3}
      propertyPath: m_RootOrder
      value: 0
      objectReference: {fileID: 0}
    - target: {fileID: 974460941788551507, guid: 4fc5728158fb46042902a5e680b3db8e,
        type: 3}
      propertyPath: m_LocalPosition.x
      value: -2.876968
      objectReference: {fileID: 0}
    - target: {fileID: 974460941788551507, guid: 4fc5728158fb46042902a5e680b3db8e,
        type: 3}
      propertyPath: m_LocalPosition.y
      value: -0.02522707
      objectReference: {fileID: 0}
    - target: {fileID: 974460941788551507, guid: 4fc5728158fb46042902a5e680b3db8e,
        type: 3}
      propertyPath: m_LocalPosition.z
      value: 0
      objectReference: {fileID: 0}
    - target: {fileID: 974460941788551507, guid: 4fc5728158fb46042902a5e680b3db8e,
        type: 3}
      propertyPath: m_LocalRotation.w
      value: 1
      objectReference: {fileID: 0}
    - target: {fileID: 974460941788551507, guid: 4fc5728158fb46042902a5e680b3db8e,
        type: 3}
      propertyPath: m_LocalRotation.x
      value: -0
      objectReference: {fileID: 0}
    - target: {fileID: 974460941788551507, guid: 4fc5728158fb46042902a5e680b3db8e,
        type: 3}
      propertyPath: m_LocalRotation.y
      value: -0
      objectReference: {fileID: 0}
    - target: {fileID: 974460941788551507, guid: 4fc5728158fb46042902a5e680b3db8e,
        type: 3}
      propertyPath: m_LocalRotation.z
      value: -0
      objectReference: {fileID: 0}
    - target: {fileID: 974460941788551507, guid: 4fc5728158fb46042902a5e680b3db8e,
        type: 3}
      propertyPath: m_LocalEulerAnglesHint.x
      value: 0
      objectReference: {fileID: 0}
    - target: {fileID: 974460941788551507, guid: 4fc5728158fb46042902a5e680b3db8e,
        type: 3}
      propertyPath: m_LocalEulerAnglesHint.y
      value: 0
      objectReference: {fileID: 0}
    - target: {fileID: 974460941788551507, guid: 4fc5728158fb46042902a5e680b3db8e,
        type: 3}
      propertyPath: m_LocalEulerAnglesHint.z
      value: 0
      objectReference: {fileID: 0}
    - target: {fileID: 974460941788551510, guid: 4fc5728158fb46042902a5e680b3db8e,
        type: 3}
      propertyPath: m_Name
      value: EndGoal
      objectReference: {fileID: 0}
    m_RemovedComponents: []
  m_SourcePrefab: {fileID: 100100000, guid: 4fc5728158fb46042902a5e680b3db8e, type: 3}
--- !u!4 &8567921476764908589 stripped
Transform:
  m_CorrespondingSourceObject: {fileID: 974460941788551507, guid: 4fc5728158fb46042902a5e680b3db8e,
    type: 3}
  m_PrefabInstance: {fileID: 8890849073822672254}
  m_PrefabAsset: {fileID: 0}
