%YAML 1.1
%TAG !u! tag:unity3d.com,2011:
--- !u!114 &3546479821766096481
MonoBehaviour:
  m_ObjectHideFlags: 0
  m_CorrespondingSourceObject: {fileID: 0}
  m_PrefabInstance: {fileID: 0}
  m_PrefabAsset: {fileID: 0}
  m_GameObject: {fileID: 4373658844856556933}
  m_Enabled: 1
  m_EditorHideFlags: 0
  m_Script: {fileID: 11500000, guid: a1d5fa9352d558d4fb8835ae82f84075, type: 3}
  m_Name: 
  m_EditorClassIdentifier: 
  moveDirection: 1
  startX: 0
  endX: 0
  startY: -0.3
  endY: -4.05
  timeToMove: 3
--- !u!1 &3546479822211301502
GameObject:
  m_ObjectHideFlags: 0
  m_CorrespondingSourceObject: {fileID: 0}
  m_PrefabInstance: {fileID: 0}
  m_PrefabAsset: {fileID: 0}
  serializedVersion: 6
  m_Component:
  - component: {fileID: 3546479822211301503}
  m_Layer: 0
  m_Name: Map37
  m_TagString: Untagged
  m_Icon: {fileID: 0}
  m_NavMeshLayer: 0
  m_StaticEditorFlags: 0
  m_IsActive: 1
--- !u!4 &3546479822211301503
Transform:
  m_ObjectHideFlags: 0
  m_CorrespondingSourceObject: {fileID: 0}
  m_PrefabInstance: {fileID: 0}
  m_PrefabAsset: {fileID: 0}
  m_GameObject: {fileID: 3546479822211301502}
  m_LocalRotation: {x: 0, y: 0, z: 0, w: 1}
  m_LocalPosition: {x: 0, y: 0, z: 0}
  m_LocalScale: {x: 1, y: 1, z: 1}
  m_Children:
  - {fileID: 4373658843746845199}
  - {fileID: 4373658842991915562}
  - {fileID: 4373658843576389249}
  - {fileID: 4373658844486195220}
  - {fileID: 4373658843999044045}
  - {fileID: 4373658844856556928}
  - {fileID: 4373658844582451428}
  - {fileID: 4373658844270186485}
  - {fileID: 4373658844455439595}
  m_Father: {fileID: 0}
  m_RootOrder: 0
  m_LocalEulerAnglesHint: {x: 0, y: 0, z: 0}
--- !u!114 &3546479822358087587
MonoBehaviour:
  m_ObjectHideFlags: 0
  m_CorrespondingSourceObject: {fileID: 0}
  m_PrefabInstance: {fileID: 0}
  m_PrefabAsset: {fileID: 0}
  m_GameObject: {fileID: 4373658844270186480}
  m_Enabled: 1
  m_EditorHideFlags: 0
  m_Script: {fileID: 11500000, guid: a1d5fa9352d558d4fb8835ae82f84075, type: 3}
  m_Name: 
  m_EditorClassIdentifier: 
  moveDirection: 1
  startX: 0
  endX: 0
  startY: -1.36
  endY: 1.39
  timeToMove: 4
--- !u!114 &3546479822385171318
MonoBehaviour:
  m_ObjectHideFlags: 0
  m_CorrespondingSourceObject: {fileID: 0}
  m_PrefabInstance: {fileID: 0}
  m_PrefabAsset: {fileID: 0}
  m_GameObject: {fileID: 4373658843999044040}
  m_Enabled: 1
  m_EditorHideFlags: 0
  m_Script: {fileID: 11500000, guid: a1d5fa9352d558d4fb8835ae82f84075, type: 3}
  m_Name: 
  m_EditorClassIdentifier: 
  moveDirection: 1
  startX: 0
  endX: 0
  startY: -4.88
  endY: -1.26
  timeToMove: 2
--- !u!114 &3546479822895065126
MonoBehaviour:
  m_ObjectHideFlags: 0
  m_CorrespondingSourceObject: {fileID: 0}
  m_PrefabInstance: {fileID: 0}
  m_PrefabAsset: {fileID: 0}
  m_GameObject: {fileID: 4373658844455439598}
  m_Enabled: 1
  m_EditorHideFlags: 0
  m_Script: {fileID: 11500000, guid: a1d5fa9352d558d4fb8835ae82f84075, type: 3}
  m_Name: 
  m_EditorClassIdentifier: 
  moveDirection: 1
  startX: 0
  endX: 0
  startY: -4.88
  endY: -1.26
  timeToMove: 1
--- !u!114 &3546479823043053943
MonoBehaviour:
  m_ObjectHideFlags: 0
  m_CorrespondingSourceObject: {fileID: 0}
  m_PrefabInstance: {fileID: 0}
  m_PrefabAsset: {fileID: 0}
  m_GameObject: {fileID: 4373658844486195217}
  m_Enabled: 1
  m_EditorHideFlags: 0
  m_Script: {fileID: 11500000, guid: a1d5fa9352d558d4fb8835ae82f84075, type: 3}
  m_Name: 
  m_EditorClassIdentifier: 
  moveDirection: 1
  startX: 0
  endX: 0
  startY: -1.36
  endY: 1.39
  timeToMove: 3
--- !u!114 &3546479823362425592
MonoBehaviour:
  m_ObjectHideFlags: 0
  m_CorrespondingSourceObject: {fileID: 0}
  m_PrefabInstance: {fileID: 0}
  m_PrefabAsset: {fileID: 0}
  m_GameObject: {fileID: 4373658843576389252}
  m_Enabled: 1
  m_EditorHideFlags: 0
  m_Script: {fileID: 11500000, guid: a1d5fa9352d558d4fb8835ae82f84075, type: 3}
  m_Name: 
  m_EditorClassIdentifier: 
  moveDirection: 1
  startX: 0
  endX: 0
  startY: -4.88
  endY: -1.26
  timeToMove: 3.5
--- !u!1001 &3546479821565696158
PrefabInstance:
  m_ObjectHideFlags: 0
  serializedVersion: 2
  m_Modification:
    m_TransformParent: {fileID: 3546479822211301503}
    m_Modifications:
    - target: {fileID: 974460941788551507, guid: c6b456542fbd29f4aa18b79f4e56adb7,
        type: 3}
      propertyPath: m_LocalPosition.x
      value: 2.8
      objectReference: {fileID: 0}
    - target: {fileID: 974460941788551507, guid: c6b456542fbd29f4aa18b79f4e56adb7,
        type: 3}
      propertyPath: m_LocalPosition.y
      value: -3.17
      objectReference: {fileID: 0}
    - target: {fileID: 974460941788551507, guid: c6b456542fbd29f4aa18b79f4e56adb7,
        type: 3}
      propertyPath: m_LocalPosition.z
      value: 0
      objectReference: {fileID: 0}
    - target: {fileID: 974460941788551507, guid: c6b456542fbd29f4aa18b79f4e56adb7,
        type: 3}
      propertyPath: m_LocalRotation.x
      value: -0
      objectReference: {fileID: 0}
    - target: {fileID: 974460941788551507, guid: c6b456542fbd29f4aa18b79f4e56adb7,
        type: 3}
      propertyPath: m_LocalRotation.y
      value: -0
      objectReference: {fileID: 0}
    - target: {fileID: 974460941788551507, guid: c6b456542fbd29f4aa18b79f4e56adb7,
        type: 3}
      propertyPath: m_LocalRotation.z
      value: -0
      objectReference: {fileID: 0}
    - target: {fileID: 974460941788551507, guid: c6b456542fbd29f4aa18b79f4e56adb7,
        type: 3}
      propertyPath: m_LocalRotation.w
      value: 1
      objectReference: {fileID: 0}
    - target: {fileID: 974460941788551507, guid: c6b456542fbd29f4aa18b79f4e56adb7,
        type: 3}
      propertyPath: m_RootOrder
      value: 4
      objectReference: {fileID: 0}
    - target: {fileID: 974460941788551507, guid: c6b456542fbd29f4aa18b79f4e56adb7,
        type: 3}
      propertyPath: m_LocalEulerAnglesHint.x
      value: 0
      objectReference: {fileID: 0}
    - target: {fileID: 974460941788551507, guid: c6b456542fbd29f4aa18b79f4e56adb7,
        type: 3}
      propertyPath: m_LocalEulerAnglesHint.y
      value: 0
      objectReference: {fileID: 0}
    - target: {fileID: 974460941788551507, guid: c6b456542fbd29f4aa18b79f4e56adb7,
        type: 3}
      propertyPath: m_LocalEulerAnglesHint.z
      value: 0
      objectReference: {fileID: 0}
    - target: {fileID: 974460941788551510, guid: c6b456542fbd29f4aa18b79f4e56adb7,
        type: 3}
      propertyPath: m_Name
      value: UncolorPlatform (2)
      objectReference: {fileID: 0}
    m_RemovedComponents: []
  m_SourcePrefab: {fileID: 100100000, guid: c6b456542fbd29f4aa18b79f4e56adb7, type: 3}
--- !u!1 &4373658843999044040 stripped
GameObject:
  m_CorrespondingSourceObject: {fileID: 974460941788551510, guid: c6b456542fbd29f4aa18b79f4e56adb7,
    type: 3}
  m_PrefabInstance: {fileID: 3546479821565696158}
  m_PrefabAsset: {fileID: 0}
--- !u!4 &4373658843999044045 stripped
Transform:
  m_CorrespondingSourceObject: {fileID: 974460941788551507, guid: c6b456542fbd29f4aa18b79f4e56adb7,
    type: 3}
  m_PrefabInstance: {fileID: 3546479821565696158}
  m_PrefabAsset: {fileID: 0}
--- !u!1001 &3546479821837358758
PrefabInstance:
  m_ObjectHideFlags: 0
  serializedVersion: 2
  m_Modification:
    m_TransformParent: {fileID: 3546479822211301503}
    m_Modifications:
    - target: {fileID: 974460941788551507, guid: c6b456542fbd29f4aa18b79f4e56adb7,
        type: 3}
      propertyPath: m_LocalPosition.x
      value: -5.39
      objectReference: {fileID: 0}
    - target: {fileID: 974460941788551507, guid: c6b456542fbd29f4aa18b79f4e56adb7,
        type: 3}
      propertyPath: m_LocalPosition.y
      value: -0.21
      objectReference: {fileID: 0}
    - target: {fileID: 974460941788551507, guid: c6b456542fbd29f4aa18b79f4e56adb7,
        type: 3}
      propertyPath: m_LocalPosition.z
      value: 0
      objectReference: {fileID: 0}
    - target: {fileID: 974460941788551507, guid: c6b456542fbd29f4aa18b79f4e56adb7,
        type: 3}
      propertyPath: m_LocalRotation.x
      value: -0
      objectReference: {fileID: 0}
    - target: {fileID: 974460941788551507, guid: c6b456542fbd29f4aa18b79f4e56adb7,
        type: 3}
      propertyPath: m_LocalRotation.y
      value: -0
      objectReference: {fileID: 0}
    - target: {fileID: 974460941788551507, guid: c6b456542fbd29f4aa18b79f4e56adb7,
        type: 3}
      propertyPath: m_LocalRotation.z
      value: -0
      objectReference: {fileID: 0}
    - target: {fileID: 974460941788551507, guid: c6b456542fbd29f4aa18b79f4e56adb7,
        type: 3}
      propertyPath: m_LocalRotation.w
      value: 1
      objectReference: {fileID: 0}
    - target: {fileID: 974460941788551507, guid: c6b456542fbd29f4aa18b79f4e56adb7,
        type: 3}
      propertyPath: m_RootOrder
      value: 7
      objectReference: {fileID: 0}
    - target: {fileID: 974460941788551507, guid: c6b456542fbd29f4aa18b79f4e56adb7,
        type: 3}
      propertyPath: m_LocalEulerAnglesHint.x
      value: 0
      objectReference: {fileID: 0}
    - target: {fileID: 974460941788551507, guid: c6b456542fbd29f4aa18b79f4e56adb7,
        type: 3}
      propertyPath: m_LocalEulerAnglesHint.y
      value: 0
      objectReference: {fileID: 0}
    - target: {fileID: 974460941788551507, guid: c6b456542fbd29f4aa18b79f4e56adb7,
        type: 3}
      propertyPath: m_LocalEulerAnglesHint.z
      value: 0
      objectReference: {fileID: 0}
    - target: {fileID: 974460941788551510, guid: c6b456542fbd29f4aa18b79f4e56adb7,
        type: 3}
      propertyPath: m_Name
      value: UncolorPlatform (5)
      objectReference: {fileID: 0}
    m_RemovedComponents: []
  m_SourcePrefab: {fileID: 100100000, guid: c6b456542fbd29f4aa18b79f4e56adb7, type: 3}
--- !u!1 &4373658844270186480 stripped
GameObject:
  m_CorrespondingSourceObject: {fileID: 974460941788551510, guid: c6b456542fbd29f4aa18b79f4e56adb7,
    type: 3}
  m_PrefabInstance: {fileID: 3546479821837358758}
  m_PrefabAsset: {fileID: 0}
--- !u!4 &4373658844270186485 stripped
Transform:
  m_CorrespondingSourceObject: {fileID: 974460941788551507, guid: c6b456542fbd29f4aa18b79f4e56adb7,
    type: 3}
  m_PrefabInstance: {fileID: 3546479821837358758}
  m_PrefabAsset: {fileID: 0}
--- !u!1001 &3546479821890093495
PrefabInstance:
  m_ObjectHideFlags: 0
  serializedVersion: 2
  m_Modification:
    m_TransformParent: {fileID: 3546479822211301503}
    m_Modifications:
    - target: {fileID: 974460941788551507, guid: 4fc5728158fb46042902a5e680b3db8e,
        type: 3}
      propertyPath: m_LocalPosition.x
      value: -1.4
      objectReference: {fileID: 0}
    - target: {fileID: 974460941788551507, guid: 4fc5728158fb46042902a5e680b3db8e,
        type: 3}
      propertyPath: m_LocalPosition.y
      value: 2.67
      objectReference: {fileID: 0}
    - target: {fileID: 974460941788551507, guid: 4fc5728158fb46042902a5e680b3db8e,
        type: 3}
      propertyPath: m_LocalPosition.z
      value: 0
      objectReference: {fileID: 0}
    - target: {fileID: 974460941788551507, guid: 4fc5728158fb46042902a5e680b3db8e,
        type: 3}
      propertyPath: m_LocalRotation.x
      value: -0
      objectReference: {fileID: 0}
    - target: {fileID: 974460941788551507, guid: 4fc5728158fb46042902a5e680b3db8e,
        type: 3}
      propertyPath: m_LocalRotation.y
      value: -0
      objectReference: {fileID: 0}
    - target: {fileID: 974460941788551507, guid: 4fc5728158fb46042902a5e680b3db8e,
        type: 3}
      propertyPath: m_LocalRotation.z
      value: -0
      objectReference: {fileID: 0}
    - target: {fileID: 974460941788551507, guid: 4fc5728158fb46042902a5e680b3db8e,
        type: 3}
      propertyPath: m_LocalRotation.w
      value: 1
      objectReference: {fileID: 0}
    - target: {fileID: 974460941788551507, guid: 4fc5728158fb46042902a5e680b3db8e,
        type: 3}
      propertyPath: m_RootOrder
      value: 6
      objectReference: {fileID: 0}
    - target: {fileID: 974460941788551507, guid: 4fc5728158fb46042902a5e680b3db8e,
        type: 3}
      propertyPath: m_LocalEulerAnglesHint.x
      value: 0
      objectReference: {fileID: 0}
    - target: {fileID: 974460941788551507, guid: 4fc5728158fb46042902a5e680b3db8e,
        type: 3}
      propertyPath: m_LocalEulerAnglesHint.y
      value: 0
      objectReference: {fileID: 0}
    - target: {fileID: 974460941788551507, guid: 4fc5728158fb46042902a5e680b3db8e,
        type: 3}
      propertyPath: m_LocalEulerAnglesHint.z
      value: 0
      objectReference: {fileID: 0}
    - target: {fileID: 974460941788551510, guid: 4fc5728158fb46042902a5e680b3db8e,
        type: 3}
      propertyPath: m_Name
      value: EndGoal
      objectReference: {fileID: 0}
    m_RemovedComponents: []
  m_SourcePrefab: {fileID: 100100000, guid: 4fc5728158fb46042902a5e680b3db8e, type: 3}
--- !u!4 &4373658844582451428 stripped
Transform:
  m_CorrespondingSourceObject: {fileID: 974460941788551507, guid: 4fc5728158fb46042902a5e680b3db8e,
    type: 3}
  m_PrefabInstance: {fileID: 3546479821890093495}
  m_PrefabAsset: {fileID: 0}
--- !u!1001 &3546479821986251079
PrefabInstance:
  m_ObjectHideFlags: 0
  serializedVersion: 2
  m_Modification:
    m_TransformParent: {fileID: 3546479822211301503}
    m_Modifications:
    - target: {fileID: 974460941788551507, guid: c6b456542fbd29f4aa18b79f4e56adb7,
        type: 3}
      propertyPath: m_LocalPosition.x
      value: 0.73
      objectReference: {fileID: 0}
    - target: {fileID: 974460941788551507, guid: c6b456542fbd29f4aa18b79f4e56adb7,
        type: 3}
      propertyPath: m_LocalPosition.y
      value: -1.98
      objectReference: {fileID: 0}
    - target: {fileID: 974460941788551507, guid: c6b456542fbd29f4aa18b79f4e56adb7,
        type: 3}
      propertyPath: m_LocalPosition.z
      value: 0
      objectReference: {fileID: 0}
    - target: {fileID: 974460941788551507, guid: c6b456542fbd29f4aa18b79f4e56adb7,
        type: 3}
      propertyPath: m_LocalRotation.x
      value: -0
      objectReference: {fileID: 0}
    - target: {fileID: 974460941788551507, guid: c6b456542fbd29f4aa18b79f4e56adb7,
        type: 3}
      propertyPath: m_LocalRotation.y
      value: -0
      objectReference: {fileID: 0}
    - target: {fileID: 974460941788551507, guid: c6b456542fbd29f4aa18b79f4e56adb7,
        type: 3}
      propertyPath: m_LocalRotation.z
      value: -0
      objectReference: {fileID: 0}
    - target: {fileID: 974460941788551507, guid: c6b456542fbd29f4aa18b79f4e56adb7,
        type: 3}
      propertyPath: m_LocalRotation.w
      value: 1
      objectReference: {fileID: 0}
    - target: {fileID: 974460941788551507, guid: c6b456542fbd29f4aa18b79f4e56adb7,
        type: 3}
      propertyPath: m_RootOrder
      value: 3
      objectReference: {fileID: 0}
    - target: {fileID: 974460941788551507, guid: c6b456542fbd29f4aa18b79f4e56adb7,
        type: 3}
      propertyPath: m_LocalEulerAnglesHint.x
      value: 0
      objectReference: {fileID: 0}
    - target: {fileID: 974460941788551507, guid: c6b456542fbd29f4aa18b79f4e56adb7,
        type: 3}
      propertyPath: m_LocalEulerAnglesHint.y
      value: 0
      objectReference: {fileID: 0}
    - target: {fileID: 974460941788551507, guid: c6b456542fbd29f4aa18b79f4e56adb7,
        type: 3}
      propertyPath: m_LocalEulerAnglesHint.z
      value: 0
      objectReference: {fileID: 0}
    - target: {fileID: 974460941788551510, guid: c6b456542fbd29f4aa18b79f4e56adb7,
        type: 3}
      propertyPath: m_Name
      value: UncolorPlatform (1)
      objectReference: {fileID: 0}
    m_RemovedComponents: []
  m_SourcePrefab: {fileID: 100100000, guid: c6b456542fbd29f4aa18b79f4e56adb7, type: 3}
--- !u!1 &4373658844486195217 stripped
GameObject:
  m_CorrespondingSourceObject: {fileID: 974460941788551510, guid: c6b456542fbd29f4aa18b79f4e56adb7,
    type: 3}
  m_PrefabInstance: {fileID: 3546479821986251079}
  m_PrefabAsset: {fileID: 0}
--- !u!4 &4373658844486195220 stripped
Transform:
  m_CorrespondingSourceObject: {fileID: 974460941788551507, guid: c6b456542fbd29f4aa18b79f4e56adb7,
    type: 3}
  m_PrefabInstance: {fileID: 3546479821986251079}
  m_PrefabAsset: {fileID: 0}
--- !u!1001 &3546479822015272376
PrefabInstance:
  m_ObjectHideFlags: 0
  serializedVersion: 2
  m_Modification:
    m_TransformParent: {fileID: 3546479822211301503}
    m_Modifications:
    - target: {fileID: 974460941788551507, guid: c6b456542fbd29f4aa18b79f4e56adb7,
        type: 3}
      propertyPath: m_LocalPosition.x
      value: 2.73
      objectReference: {fileID: 0}
    - target: {fileID: 974460941788551507, guid: c6b456542fbd29f4aa18b79f4e56adb7,
        type: 3}
      propertyPath: m_LocalPosition.y
      value: -0.16
      objectReference: {fileID: 0}
    - target: {fileID: 974460941788551507, guid: c6b456542fbd29f4aa18b79f4e56adb7,
        type: 3}
      propertyPath: m_LocalPosition.z
      value: 0
      objectReference: {fileID: 0}
    - target: {fileID: 974460941788551507, guid: c6b456542fbd29f4aa18b79f4e56adb7,
        type: 3}
      propertyPath: m_LocalRotation.x
      value: -0
      objectReference: {fileID: 0}
    - target: {fileID: 974460941788551507, guid: c6b456542fbd29f4aa18b79f4e56adb7,
        type: 3}
      propertyPath: m_LocalRotation.y
      value: -0
      objectReference: {fileID: 0}
    - target: {fileID: 974460941788551507, guid: c6b456542fbd29f4aa18b79f4e56adb7,
        type: 3}
      propertyPath: m_LocalRotation.z
      value: -0
      objectReference: {fileID: 0}
    - target: {fileID: 974460941788551507, guid: c6b456542fbd29f4aa18b79f4e56adb7,
        type: 3}
      propertyPath: m_LocalRotation.w
      value: 1
      objectReference: {fileID: 0}
    - target: {fileID: 974460941788551507, guid: c6b456542fbd29f4aa18b79f4e56adb7,
        type: 3}
      propertyPath: m_RootOrder
      value: 8
      objectReference: {fileID: 0}
    - target: {fileID: 974460941788551507, guid: c6b456542fbd29f4aa18b79f4e56adb7,
        type: 3}
      propertyPath: m_LocalEulerAnglesHint.x
      value: 0
      objectReference: {fileID: 0}
    - target: {fileID: 974460941788551507, guid: c6b456542fbd29f4aa18b79f4e56adb7,
        type: 3}
      propertyPath: m_LocalEulerAnglesHint.y
      value: 0
      objectReference: {fileID: 0}
    - target: {fileID: 974460941788551507, guid: c6b456542fbd29f4aa18b79f4e56adb7,
        type: 3}
      propertyPath: m_LocalEulerAnglesHint.z
      value: 0
      objectReference: {fileID: 0}
    - target: {fileID: 974460941788551510, guid: c6b456542fbd29f4aa18b79f4e56adb7,
        type: 3}
      propertyPath: m_Name
      value: UncolorPlatform (6)
      objectReference: {fileID: 0}
    m_RemovedComponents: []
  m_SourcePrefab: {fileID: 100100000, guid: c6b456542fbd29f4aa18b79f4e56adb7, type: 3}
--- !u!1 &4373658844455439598 stripped
GameObject:
  m_CorrespondingSourceObject: {fileID: 974460941788551510, guid: c6b456542fbd29f4aa18b79f4e56adb7,
    type: 3}
  m_PrefabInstance: {fileID: 3546479822015272376}
  m_PrefabAsset: {fileID: 0}
--- !u!4 &4373658844455439595 stripped
Transform:
  m_CorrespondingSourceObject: {fileID: 974460941788551507, guid: c6b456542fbd29f4aa18b79f4e56adb7,
    type: 3}
  m_PrefabInstance: {fileID: 3546479822015272376}
  m_PrefabAsset: {fileID: 0}
--- !u!1001 &3546479822155220179
PrefabInstance:
  m_ObjectHideFlags: 0
  serializedVersion: 2
  m_Modification:
    m_TransformParent: {fileID: 3546479822211301503}
    m_Modifications:
    - target: {fileID: 974460941788551507, guid: c6b456542fbd29f4aa18b79f4e56adb7,
        type: 3}
      propertyPath: m_LocalPosition.x
      value: -2.99
      objectReference: {fileID: 0}
    - target: {fileID: 974460941788551507, guid: c6b456542fbd29f4aa18b79f4e56adb7,
        type: 3}
      propertyPath: m_LocalPosition.y
      value: -2.05
      objectReference: {fileID: 0}
    - target: {fileID: 974460941788551507, guid: c6b456542fbd29f4aa18b79f4e56adb7,
        type: 3}
      propertyPath: m_LocalPosition.z
      value: 0
      objectReference: {fileID: 0}
    - target: {fileID: 974460941788551507, guid: c6b456542fbd29f4aa18b79f4e56adb7,
        type: 3}
      propertyPath: m_LocalRotation.x
      value: -0
      objectReference: {fileID: 0}
    - target: {fileID: 974460941788551507, guid: c6b456542fbd29f4aa18b79f4e56adb7,
        type: 3}
      propertyPath: m_LocalRotation.y
      value: -0
      objectReference: {fileID: 0}
    - target: {fileID: 974460941788551507, guid: c6b456542fbd29f4aa18b79f4e56adb7,
        type: 3}
      propertyPath: m_LocalRotation.z
      value: -0
      objectReference: {fileID: 0}
    - target: {fileID: 974460941788551507, guid: c6b456542fbd29f4aa18b79f4e56adb7,
        type: 3}
      propertyPath: m_LocalRotation.w
      value: 1
      objectReference: {fileID: 0}
    - target: {fileID: 974460941788551507, guid: c6b456542fbd29f4aa18b79f4e56adb7,
        type: 3}
      propertyPath: m_RootOrder
      value: 5
      objectReference: {fileID: 0}
    - target: {fileID: 974460941788551507, guid: c6b456542fbd29f4aa18b79f4e56adb7,
        type: 3}
      propertyPath: m_LocalEulerAnglesHint.x
      value: 0
      objectReference: {fileID: 0}
    - target: {fileID: 974460941788551507, guid: c6b456542fbd29f4aa18b79f4e56adb7,
        type: 3}
      propertyPath: m_LocalEulerAnglesHint.y
      value: 0
      objectReference: {fileID: 0}
    - target: {fileID: 974460941788551507, guid: c6b456542fbd29f4aa18b79f4e56adb7,
        type: 3}
      propertyPath: m_LocalEulerAnglesHint.z
      value: 0
      objectReference: {fileID: 0}
    - target: {fileID: 974460941788551510, guid: c6b456542fbd29f4aa18b79f4e56adb7,
        type: 3}
      propertyPath: m_Name
      value: UncolorPlatform (3)
      objectReference: {fileID: 0}
    m_RemovedComponents: []
  m_SourcePrefab: {fileID: 100100000, guid: c6b456542fbd29f4aa18b79f4e56adb7, type: 3}
--- !u!1 &4373658844856556933 stripped
GameObject:
  m_CorrespondingSourceObject: {fileID: 974460941788551510, guid: c6b456542fbd29f4aa18b79f4e56adb7,
    type: 3}
  m_PrefabInstance: {fileID: 3546479822155220179}
  m_PrefabAsset: {fileID: 0}
--- !u!4 &4373658844856556928 stripped
Transform:
  m_CorrespondingSourceObject: {fileID: 974460941788551507, guid: c6b456542fbd29f4aa18b79f4e56adb7,
    type: 3}
  m_PrefabInstance: {fileID: 3546479822155220179}
  m_PrefabAsset: {fileID: 0}
--- !u!1001 &3546479822438656889
PrefabInstance:
  m_ObjectHideFlags: 0
  serializedVersion: 2
  m_Modification:
    m_TransformParent: {fileID: 3546479822211301503}
    m_Modifications:
    - target: {fileID: 974460941788551507, guid: fe831bebf54445f4b85aa693984dd56e,
        type: 3}
      propertyPath: m_LocalPosition.x
      value: -8.19
      objectReference: {fileID: 0}
    - target: {fileID: 974460941788551507, guid: fe831bebf54445f4b85aa693984dd56e,
        type: 3}
      propertyPath: m_LocalPosition.y
      value: -4.9
      objectReference: {fileID: 0}
    - target: {fileID: 974460941788551507, guid: fe831bebf54445f4b85aa693984dd56e,
        type: 3}
      propertyPath: m_LocalPosition.z
      value: 0
      objectReference: {fileID: 0}
    - target: {fileID: 974460941788551507, guid: fe831bebf54445f4b85aa693984dd56e,
        type: 3}
      propertyPath: m_LocalRotation.x
      value: -0
      objectReference: {fileID: 0}
    - target: {fileID: 974460941788551507, guid: fe831bebf54445f4b85aa693984dd56e,
        type: 3}
      propertyPath: m_LocalRotation.y
      value: -0
      objectReference: {fileID: 0}
    - target: {fileID: 974460941788551507, guid: fe831bebf54445f4b85aa693984dd56e,
        type: 3}
      propertyPath: m_LocalRotation.z
      value: -0
      objectReference: {fileID: 0}
    - target: {fileID: 974460941788551507, guid: fe831bebf54445f4b85aa693984dd56e,
        type: 3}
      propertyPath: m_LocalRotation.w
      value: 1
      objectReference: {fileID: 0}
    - target: {fileID: 974460941788551507, guid: fe831bebf54445f4b85aa693984dd56e,
        type: 3}
      propertyPath: m_RootOrder
      value: 1
      objectReference: {fileID: 0}
    - target: {fileID: 974460941788551507, guid: fe831bebf54445f4b85aa693984dd56e,
        type: 3}
      propertyPath: m_LocalEulerAnglesHint.x
      value: 0
      objectReference: {fileID: 0}
    - target: {fileID: 974460941788551507, guid: fe831bebf54445f4b85aa693984dd56e,
        type: 3}
      propertyPath: m_LocalEulerAnglesHint.y
      value: 0
      objectReference: {fileID: 0}
    - target: {fileID: 974460941788551507, guid: fe831bebf54445f4b85aa693984dd56e,
        type: 3}
      propertyPath: m_LocalEulerAnglesHint.z
      value: 0
      objectReference: {fileID: 0}
    - target: {fileID: 974460941788551510, guid: fe831bebf54445f4b85aa693984dd56e,
        type: 3}
      propertyPath: m_Name
      value: WoodLargeVerticalPlatform
      objectReference: {fileID: 0}
    m_RemovedComponents: []
  m_SourcePrefab: {fileID: 100100000, guid: fe831bebf54445f4b85aa693984dd56e, type: 3}
--- !u!4 &4373658842991915562 stripped
Transform:
  m_CorrespondingSourceObject: {fileID: 974460941788551507, guid: fe831bebf54445f4b85aa693984dd56e,
    type: 3}
  m_PrefabInstance: {fileID: 3546479822438656889}
  m_PrefabAsset: {fileID: 0}
--- !u!1001 &3546479823030409170
PrefabInstance:
  m_ObjectHideFlags: 0
  serializedVersion: 2
  m_Modification:
    m_TransformParent: {fileID: 3546479822211301503}
    m_Modifications:
    - target: {fileID: 974460941788551507, guid: c6b456542fbd29f4aa18b79f4e56adb7,
        type: 3}
      propertyPath: m_LocalPosition.x
      value: -5.36
      objectReference: {fileID: 0}
    - target: {fileID: 974460941788551507, guid: c6b456542fbd29f4aa18b79f4e56adb7,
        type: 3}
      propertyPath: m_LocalPosition.y
      value: -3.23
      objectReference: {fileID: 0}
    - target: {fileID: 974460941788551507, guid: c6b456542fbd29f4aa18b79f4e56adb7,
        type: 3}
      propertyPath: m_LocalPosition.z
      value: 0
      objectReference: {fileID: 0}
    - target: {fileID: 974460941788551507, guid: c6b456542fbd29f4aa18b79f4e56adb7,
        type: 3}
      propertyPath: m_LocalRotation.x
      value: -0
      objectReference: {fileID: 0}
    - target: {fileID: 974460941788551507, guid: c6b456542fbd29f4aa18b79f4e56adb7,
        type: 3}
      propertyPath: m_LocalRotation.y
      value: -0
      objectReference: {fileID: 0}
    - target: {fileID: 974460941788551507, guid: c6b456542fbd29f4aa18b79f4e56adb7,
        type: 3}
      propertyPath: m_LocalRotation.z
      value: -0
      objectReference: {fileID: 0}
    - target: {fileID: 974460941788551507, guid: c6b456542fbd29f4aa18b79f4e56adb7,
        type: 3}
      propertyPath: m_LocalRotation.w
      value: 1
      objectReference: {fileID: 0}
    - target: {fileID: 974460941788551507, guid: c6b456542fbd29f4aa18b79f4e56adb7,
        type: 3}
      propertyPath: m_RootOrder
      value: 2
      objectReference: {fileID: 0}
    - target: {fileID: 974460941788551507, guid: c6b456542fbd29f4aa18b79f4e56adb7,
        type: 3}
      propertyPath: m_LocalEulerAnglesHint.x
      value: 0
      objectReference: {fileID: 0}
    - target: {fileID: 974460941788551507, guid: c6b456542fbd29f4aa18b79f4e56adb7,
        type: 3}
      propertyPath: m_LocalEulerAnglesHint.y
      value: 0
      objectReference: {fileID: 0}
    - target: {fileID: 974460941788551507, guid: c6b456542fbd29f4aa18b79f4e56adb7,
        type: 3}
      propertyPath: m_LocalEulerAnglesHint.z
      value: 0
      objectReference: {fileID: 0}
    - target: {fileID: 974460941788551510, guid: c6b456542fbd29f4aa18b79f4e56adb7,
        type: 3}
      propertyPath: m_Name
      value: UncolorPlatform
      objectReference: {fileID: 0}
    m_RemovedComponents: []
  m_SourcePrefab: {fileID: 100100000, guid: c6b456542fbd29f4aa18b79f4e56adb7, type: 3}
--- !u!1 &4373658843576389252 stripped
GameObject:
  m_CorrespondingSourceObject: {fileID: 974460941788551510, guid: c6b456542fbd29f4aa18b79f4e56adb7,
    type: 3}
  m_PrefabInstance: {fileID: 3546479823030409170}
  m_PrefabAsset: {fileID: 0}
--- !u!4 &4373658843576389249 stripped
Transform:
  m_CorrespondingSourceObject: {fileID: 974460941788551507, guid: c6b456542fbd29f4aa18b79f4e56adb7,
    type: 3}
  m_PrefabInstance: {fileID: 3546479823030409170}
  m_PrefabAsset: {fileID: 0}
--- !u!1001 &3546479823394855772
PrefabInstance:
  m_ObjectHideFlags: 0
  serializedVersion: 2
  m_Modification:
    m_TransformParent: {fileID: 3546479822211301503}
    m_Modifications:
    - target: {fileID: 974460941788551507, guid: 36e3db0cc01f0ff4982d9d9e3ad47f95,
        type: 3}
      propertyPath: m_LocalPosition.x
      value: -1.0851874
      objectReference: {fileID: 0}
    - target: {fileID: 974460941788551507, guid: 36e3db0cc01f0ff4982d9d9e3ad47f95,
        type: 3}
      propertyPath: m_LocalPosition.y
      value: -0.90057963
      objectReference: {fileID: 0}
    - target: {fileID: 974460941788551507, guid: 36e3db0cc01f0ff4982d9d9e3ad47f95,
        type: 3}
      propertyPath: m_LocalPosition.z
      value: 0
      objectReference: {fileID: 0}
    - target: {fileID: 974460941788551507, guid: 36e3db0cc01f0ff4982d9d9e3ad47f95,
        type: 3}
      propertyPath: m_LocalRotation.x
      value: -0
      objectReference: {fileID: 0}
    - target: {fileID: 974460941788551507, guid: 36e3db0cc01f0ff4982d9d9e3ad47f95,
        type: 3}
      propertyPath: m_LocalRotation.y
      value: -0
      objectReference: {fileID: 0}
    - target: {fileID: 974460941788551507, guid: 36e3db0cc01f0ff4982d9d9e3ad47f95,
        type: 3}
      propertyPath: m_LocalRotation.z
      value: -0
      objectReference: {fileID: 0}
    - target: {fileID: 974460941788551507, guid: 36e3db0cc01f0ff4982d9d9e3ad47f95,
        type: 3}
      propertyPath: m_LocalRotation.w
      value: 1
      objectReference: {fileID: 0}
    - target: {fileID: 974460941788551507, guid: 36e3db0cc01f0ff4982d9d9e3ad47f95,
        type: 3}
      propertyPath: m_RootOrder
      value: 0
      objectReference: {fileID: 0}
    - target: {fileID: 974460941788551507, guid: 36e3db0cc01f0ff4982d9d9e3ad47f95,
        type: 3}
      propertyPath: m_LocalEulerAnglesHint.x
      value: 0
      objectReference: {fileID: 0}
    - target: {fileID: 974460941788551507, guid: 36e3db0cc01f0ff4982d9d9e3ad47f95,
        type: 3}
      propertyPath: m_LocalEulerAnglesHint.y
      value: 0
      objectReference: {fileID: 0}
    - target: {fileID: 974460941788551507, guid: 36e3db0cc01f0ff4982d9d9e3ad47f95,
        type: 3}
      propertyPath: m_LocalEulerAnglesHint.z
      value: 0
      objectReference: {fileID: 0}
    - target: {fileID: 974460941788551510, guid: 36e3db0cc01f0ff4982d9d9e3ad47f95,
        type: 3}
      propertyPath: m_Name
      value: TimerPlatform
      objectReference: {fileID: 0}
    m_RemovedComponents: []
  m_SourcePrefab: {fileID: 100100000, guid: 36e3db0cc01f0ff4982d9d9e3ad47f95, type: 3}
--- !u!4 &4373658843746845199 stripped
Transform:
  m_CorrespondingSourceObject: {fileID: 974460941788551507, guid: 36e3db0cc01f0ff4982d9d9e3ad47f95,
    type: 3}
  m_PrefabInstance: {fileID: 3546479823394855772}
  m_PrefabAsset: {fileID: 0}
