%YAML 1.1
%TAG !u! tag:unity3d.com,2011:
--- !u!1 &2614222625852505759
GameObject:
  m_ObjectHideFlags: 0
  m_CorrespondingSourceObject: {fileID: 0}
  m_PrefabInstance: {fileID: 0}
  m_PrefabAsset: {fileID: 0}
  serializedVersion: 6
  m_Component:
  - component: {fileID: 5976575516931475070}
  - component: {fileID: -6296304741868910660}
  m_Layer: 0
  m_Name: Map4
  m_TagString: Untagged
  m_Icon: {fileID: 0}
  m_NavMeshLayer: 0
  m_StaticEditorFlags: 0
  m_IsActive: 1
--- !u!4 &5976575516931475070
Transform:
  m_ObjectHideFlags: 0
  m_CorrespondingSourceObject: {fileID: 0}
  m_PrefabInstance: {fileID: 0}
  m_PrefabAsset: {fileID: 0}
  m_GameObject: {fileID: 2614222625852505759}
  m_LocalRotation: {x: 0, y: 0, z: 0, w: 1}
  m_LocalPosition: {x: 0, y: 0, z: 0}
  m_LocalScale: {x: 1, y: 1, z: 1}
  m_Children:
  - {fileID: 4646896793668199058}
  - {fileID: 489593207134622078}
  - {fileID: 5086798713802704041}
  - {fileID: 1489651599962400407}
  - {fileID: 5332971588084784803}
  - {fileID: 7067958030553556299}
  m_Father: {fileID: 0}
  m_RootOrder: 0
  m_LocalEulerAnglesHint: {x: 0, y: 0, z: 0}
--- !u!114 &-6296304741868910660
MonoBehaviour:
  m_ObjectHideFlags: 0
  m_CorrespondingSourceObject: {fileID: 0}
  m_PrefabInstance: {fileID: 0}
  m_PrefabAsset: {fileID: 0}
  m_GameObject: {fileID: 2614222625852505759}
  m_Enabled: 1
  m_EditorHideFlags: 0
  m_Script: {fileID: 11500000, guid: 2094b3483abfa294e8f875d77c46178a, type: 3}
  m_Name: 
  m_EditorClassIdentifier: 
  poolItemName: Map4
--- !u!1001 &814757347996502061
PrefabInstance:
  m_ObjectHideFlags: 0
  serializedVersion: 2
  m_Modification:
    m_TransformParent: {fileID: 5976575516931475070}
    m_Modifications:
    - target: {fileID: 974460941788551507, guid: c6b456542fbd29f4aa18b79f4e56adb7,
        type: 3}
      propertyPath: m_RootOrder
      value: 1
      objectReference: {fileID: 0}
    - target: {fileID: 974460941788551507, guid: c6b456542fbd29f4aa18b79f4e56adb7,
        type: 3}
      propertyPath: m_LocalPosition.x
      value: 0.00000010430813
      objectReference: {fileID: 0}
    - target: {fileID: 974460941788551507, guid: c6b456542fbd29f4aa18b79f4e56adb7,
        type: 3}
      propertyPath: m_LocalPosition.y
      value: 0.61000013
      objectReference: {fileID: 0}
    - target: {fileID: 974460941788551507, guid: c6b456542fbd29f4aa18b79f4e56adb7,
        type: 3}
      propertyPath: m_LocalPosition.z
      value: 0
      objectReference: {fileID: 0}
    - target: {fileID: 974460941788551507, guid: c6b456542fbd29f4aa18b79f4e56adb7,
        type: 3}
      propertyPath: m_LocalRotation.w
      value: 1
      objectReference: {fileID: 0}
    - target: {fileID: 974460941788551507, guid: c6b456542fbd29f4aa18b79f4e56adb7,
        type: 3}
      propertyPath: m_LocalRotation.x
      value: -0
      objectReference: {fileID: 0}
    - target: {fileID: 974460941788551507, guid: c6b456542fbd29f4aa18b79f4e56adb7,
        type: 3}
      propertyPath: m_LocalRotation.y
      value: -0
      objectReference: {fileID: 0}
    - target: {fileID: 974460941788551507, guid: c6b456542fbd29f4aa18b79f4e56adb7,
        type: 3}
      propertyPath: m_LocalRotation.z
      value: -0
      objectReference: {fileID: 0}
    - target: {fileID: 974460941788551507, guid: c6b456542fbd29f4aa18b79f4e56adb7,
        type: 3}
      propertyPath: m_LocalEulerAnglesHint.x
      value: 0
      objectReference: {fileID: 0}
    - target: {fileID: 974460941788551507, guid: c6b456542fbd29f4aa18b79f4e56adb7,
        type: 3}
      propertyPath: m_LocalEulerAnglesHint.y
      value: 0
      objectReference: {fileID: 0}
    - target: {fileID: 974460941788551507, guid: c6b456542fbd29f4aa18b79f4e56adb7,
        type: 3}
      propertyPath: m_LocalEulerAnglesHint.z
      value: 0
      objectReference: {fileID: 0}
    - target: {fileID: 974460941788551510, guid: c6b456542fbd29f4aa18b79f4e56adb7,
        type: 3}
      propertyPath: m_Name
      value: UncolorPlatform
      objectReference: {fileID: 0}
    m_RemovedComponents: []
  m_SourcePrefab: {fileID: 100100000, guid: c6b456542fbd29f4aa18b79f4e56adb7, type: 3}
--- !u!4 &489593207134622078 stripped
Transform:
  m_CorrespondingSourceObject: {fileID: 974460941788551507, guid: c6b456542fbd29f4aa18b79f4e56adb7,
    type: 3}
  m_PrefabInstance: {fileID: 814757347996502061}
  m_PrefabAsset: {fileID: 0}
--- !u!1001 &1813179528195178436
PrefabInstance:
  m_ObjectHideFlags: 0
  serializedVersion: 2
  m_Modification:
    m_TransformParent: {fileID: 5976575516931475070}
    m_Modifications:
    - target: {fileID: 974460941788551507, guid: c6b456542fbd29f4aa18b79f4e56adb7,
        type: 3}
      propertyPath: m_RootOrder
      value: 3
      objectReference: {fileID: 0}
    - target: {fileID: 974460941788551507, guid: c6b456542fbd29f4aa18b79f4e56adb7,
        type: 3}
      propertyPath: m_LocalPosition.x
      value: -0.17
      objectReference: {fileID: 0}
    - target: {fileID: 974460941788551507, guid: c6b456542fbd29f4aa18b79f4e56adb7,
        type: 3}
      propertyPath: m_LocalPosition.y
      value: 3.44
      objectReference: {fileID: 0}
    - target: {fileID: 974460941788551507, guid: c6b456542fbd29f4aa18b79f4e56adb7,
        type: 3}
      propertyPath: m_LocalPosition.z
      value: 0
      objectReference: {fileID: 0}
    - target: {fileID: 974460941788551507, guid: c6b456542fbd29f4aa18b79f4e56adb7,
        type: 3}
      propertyPath: m_LocalRotation.w
      value: 1
      objectReference: {fileID: 0}
    - target: {fileID: 974460941788551507, guid: c6b456542fbd29f4aa18b79f4e56adb7,
        type: 3}
      propertyPath: m_LocalRotation.x
      value: -0
      objectReference: {fileID: 0}
    - target: {fileID: 974460941788551507, guid: c6b456542fbd29f4aa18b79f4e56adb7,
        type: 3}
      propertyPath: m_LocalRotation.y
      value: -0
      objectReference: {fileID: 0}
    - target: {fileID: 974460941788551507, guid: c6b456542fbd29f4aa18b79f4e56adb7,
        type: 3}
      propertyPath: m_LocalRotation.z
      value: -0
      objectReference: {fileID: 0}
    - target: {fileID: 974460941788551507, guid: c6b456542fbd29f4aa18b79f4e56adb7,
        type: 3}
      propertyPath: m_LocalEulerAnglesHint.x
      value: 0
      objectReference: {fileID: 0}
    - target: {fileID: 974460941788551507, guid: c6b456542fbd29f4aa18b79f4e56adb7,
        type: 3}
      propertyPath: m_LocalEulerAnglesHint.y
      value: 0
      objectReference: {fileID: 0}
    - target: {fileID: 974460941788551507, guid: c6b456542fbd29f4aa18b79f4e56adb7,
        type: 3}
      propertyPath: m_LocalEulerAnglesHint.z
      value: 0
      objectReference: {fileID: 0}
    - target: {fileID: 974460941788551510, guid: c6b456542fbd29f4aa18b79f4e56adb7,
        type: 3}
      propertyPath: m_Name
      value: UncolorPlatform
      objectReference: {fileID: 0}
    m_RemovedComponents: []
  m_SourcePrefab: {fileID: 100100000, guid: c6b456542fbd29f4aa18b79f4e56adb7, type: 3}
--- !u!4 &1489651599962400407 stripped
Transform:
  m_CorrespondingSourceObject: {fileID: 974460941788551507, guid: c6b456542fbd29f4aa18b79f4e56adb7,
    type: 3}
  m_PrefabInstance: {fileID: 1813179528195178436}
  m_PrefabAsset: {fileID: 0}
--- !u!1001 &5154227349117978608
PrefabInstance:
  m_ObjectHideFlags: 0
  serializedVersion: 2
  m_Modification:
    m_TransformParent: {fileID: 5976575516931475070}
    m_Modifications:
    - target: {fileID: 974460941788551507, guid: 65279831e3c1bde43af21995e66a7f12,
        type: 3}
      propertyPath: m_RootOrder
      value: 4
      objectReference: {fileID: 0}
    - target: {fileID: 974460941788551507, guid: 65279831e3c1bde43af21995e66a7f12,
        type: 3}
      propertyPath: m_LocalPosition.x
      value: 2.88
      objectReference: {fileID: 0}
    - target: {fileID: 974460941788551507, guid: 65279831e3c1bde43af21995e66a7f12,
        type: 3}
      propertyPath: m_LocalPosition.y
      value: 3.58
      objectReference: {fileID: 0}
    - target: {fileID: 974460941788551507, guid: 65279831e3c1bde43af21995e66a7f12,
        type: 3}
      propertyPath: m_LocalPosition.z
      value: 0
      objectReference: {fileID: 0}
    - target: {fileID: 974460941788551507, guid: 65279831e3c1bde43af21995e66a7f12,
        type: 3}
      propertyPath: m_LocalRotation.w
      value: 1
      objectReference: {fileID: 0}
    - target: {fileID: 974460941788551507, guid: 65279831e3c1bde43af21995e66a7f12,
        type: 3}
      propertyPath: m_LocalRotation.x
      value: -0
      objectReference: {fileID: 0}
    - target: {fileID: 974460941788551507, guid: 65279831e3c1bde43af21995e66a7f12,
        type: 3}
      propertyPath: m_LocalRotation.y
      value: -0
      objectReference: {fileID: 0}
    - target: {fileID: 974460941788551507, guid: 65279831e3c1bde43af21995e66a7f12,
        type: 3}
      propertyPath: m_LocalRotation.z
      value: -0
      objectReference: {fileID: 0}
    - target: {fileID: 974460941788551507, guid: 65279831e3c1bde43af21995e66a7f12,
        type: 3}
      propertyPath: m_LocalEulerAnglesHint.x
      value: 0
      objectReference: {fileID: 0}
    - target: {fileID: 974460941788551507, guid: 65279831e3c1bde43af21995e66a7f12,
        type: 3}
      propertyPath: m_LocalEulerAnglesHint.y
      value: 0
      objectReference: {fileID: 0}
    - target: {fileID: 974460941788551507, guid: 65279831e3c1bde43af21995e66a7f12,
        type: 3}
      propertyPath: m_LocalEulerAnglesHint.z
      value: 0
      objectReference: {fileID: 0}
    - target: {fileID: 974460941788551510, guid: 65279831e3c1bde43af21995e66a7f12,
        type: 3}
      propertyPath: m_Name
      value: UncolorLargeHorizontalPlatform
      objectReference: {fileID: 0}
    m_RemovedComponents: []
  m_SourcePrefab: {fileID: 100100000, guid: 65279831e3c1bde43af21995e66a7f12, type: 3}
--- !u!4 &5332971588084784803 stripped
Transform:
  m_CorrespondingSourceObject: {fileID: 974460941788551507, guid: 65279831e3c1bde43af21995e66a7f12,
    type: 3}
  m_PrefabInstance: {fileID: 5154227349117978608}
  m_PrefabAsset: {fileID: 0}
--- !u!1001 &5409398656192437754
PrefabInstance:
  m_ObjectHideFlags: 0
  serializedVersion: 2
  m_Modification:
    m_TransformParent: {fileID: 5976575516931475070}
    m_Modifications:
    - target: {fileID: 974460941788551507, guid: c6b456542fbd29f4aa18b79f4e56adb7,
        type: 3}
      propertyPath: m_RootOrder
      value: 2
      objectReference: {fileID: 0}
    - target: {fileID: 974460941788551507, guid: c6b456542fbd29f4aa18b79f4e56adb7,
        type: 3}
      propertyPath: m_LocalPosition.x
      value: 3.85
      objectReference: {fileID: 0}
    - target: {fileID: 974460941788551507, guid: c6b456542fbd29f4aa18b79f4e56adb7,
        type: 3}
      propertyPath: m_LocalPosition.y
      value: 2.3100002
      objectReference: {fileID: 0}
    - target: {fileID: 974460941788551507, guid: c6b456542fbd29f4aa18b79f4e56adb7,
        type: 3}
      propertyPath: m_LocalPosition.z
      value: 0
      objectReference: {fileID: 0}
    - target: {fileID: 974460941788551507, guid: c6b456542fbd29f4aa18b79f4e56adb7,
        type: 3}
      propertyPath: m_LocalRotation.w
      value: 1
      objectReference: {fileID: 0}
    - target: {fileID: 974460941788551507, guid: c6b456542fbd29f4aa18b79f4e56adb7,
        type: 3}
      propertyPath: m_LocalRotation.x
      value: -0
      objectReference: {fileID: 0}
    - target: {fileID: 974460941788551507, guid: c6b456542fbd29f4aa18b79f4e56adb7,
        type: 3}
      propertyPath: m_LocalRotation.y
      value: -0
      objectReference: {fileID: 0}
    - target: {fileID: 974460941788551507, guid: c6b456542fbd29f4aa18b79f4e56adb7,
        type: 3}
      propertyPath: m_LocalRotation.z
      value: -0
      objectReference: {fileID: 0}
    - target: {fileID: 974460941788551507, guid: c6b456542fbd29f4aa18b79f4e56adb7,
        type: 3}
      propertyPath: m_LocalEulerAnglesHint.x
      value: 0
      objectReference: {fileID: 0}
    - target: {fileID: 974460941788551507, guid: c6b456542fbd29f4aa18b79f4e56adb7,
        type: 3}
      propertyPath: m_LocalEulerAnglesHint.y
      value: 0
      objectReference: {fileID: 0}
    - target: {fileID: 974460941788551507, guid: c6b456542fbd29f4aa18b79f4e56adb7,
        type: 3}
      propertyPath: m_LocalEulerAnglesHint.z
      value: 0
      objectReference: {fileID: 0}
    - target: {fileID: 974460941788551510, guid: c6b456542fbd29f4aa18b79f4e56adb7,
        type: 3}
      propertyPath: m_Name
      value: UncolorPlatform
      objectReference: {fileID: 0}
    m_RemovedComponents: []
  m_SourcePrefab: {fileID: 100100000, guid: c6b456542fbd29f4aa18b79f4e56adb7, type: 3}
--- !u!4 &5086798713802704041 stripped
Transform:
  m_CorrespondingSourceObject: {fileID: 974460941788551507, guid: c6b456542fbd29f4aa18b79f4e56adb7,
    type: 3}
  m_PrefabInstance: {fileID: 5409398656192437754}
  m_PrefabAsset: {fileID: 0}
--- !u!1001 &5618490206906891201
PrefabInstance:
  m_ObjectHideFlags: 0
  serializedVersion: 2
  m_Modification:
    m_TransformParent: {fileID: 5976575516931475070}
    m_Modifications:
    - target: {fileID: 974460941788551507, guid: 4fc5728158fb46042902a5e680b3db8e,
        type: 3}
      propertyPath: m_RootOrder
      value: 0
      objectReference: {fileID: 0}
    - target: {fileID: 974460941788551507, guid: 4fc5728158fb46042902a5e680b3db8e,
        type: 3}
      propertyPath: m_LocalPosition.x
      value: -3.86
      objectReference: {fileID: 0}
    - target: {fileID: 974460941788551507, guid: 4fc5728158fb46042902a5e680b3db8e,
        type: 3}
      propertyPath: m_LocalPosition.y
      value: 2.42
      objectReference: {fileID: 0}
    - target: {fileID: 974460941788551507, guid: 4fc5728158fb46042902a5e680b3db8e,
        type: 3}
      propertyPath: m_LocalPosition.z
      value: 0
      objectReference: {fileID: 0}
    - target: {fileID: 974460941788551507, guid: 4fc5728158fb46042902a5e680b3db8e,
        type: 3}
      propertyPath: m_LocalRotation.w
      value: 1
      objectReference: {fileID: 0}
    - target: {fileID: 974460941788551507, guid: 4fc5728158fb46042902a5e680b3db8e,
        type: 3}
      propertyPath: m_LocalRotation.x
      value: -0
      objectReference: {fileID: 0}
    - target: {fileID: 974460941788551507, guid: 4fc5728158fb46042902a5e680b3db8e,
        type: 3}
      propertyPath: m_LocalRotation.y
      value: -0
      objectReference: {fileID: 0}
    - target: {fileID: 974460941788551507, guid: 4fc5728158fb46042902a5e680b3db8e,
        type: 3}
      propertyPath: m_LocalRotation.z
      value: -0
      objectReference: {fileID: 0}
    - target: {fileID: 974460941788551507, guid: 4fc5728158fb46042902a5e680b3db8e,
        type: 3}
      propertyPath: m_LocalEulerAnglesHint.x
      value: 0
      objectReference: {fileID: 0}
    - target: {fileID: 974460941788551507, guid: 4fc5728158fb46042902a5e680b3db8e,
        type: 3}
      propertyPath: m_LocalEulerAnglesHint.y
      value: 0
      objectReference: {fileID: 0}
    - target: {fileID: 974460941788551507, guid: 4fc5728158fb46042902a5e680b3db8e,
        type: 3}
      propertyPath: m_LocalEulerAnglesHint.z
      value: 0
      objectReference: {fileID: 0}
    - target: {fileID: 974460941788551510, guid: 4fc5728158fb46042902a5e680b3db8e,
        type: 3}
      propertyPath: m_Name
      value: EndGoal
      objectReference: {fileID: 0}
    - target: {fileID: 4684266314894275322, guid: 4fc5728158fb46042902a5e680b3db8e,
        type: 3}
      propertyPath: m_LocalPosition.x
      value: 0.41
      objectReference: {fileID: 0}
    m_RemovedComponents: []
  m_SourcePrefab: {fileID: 100100000, guid: 4fc5728158fb46042902a5e680b3db8e, type: 3}
--- !u!4 &4646896793668199058 stripped
Transform:
  m_CorrespondingSourceObject: {fileID: 974460941788551507, guid: 4fc5728158fb46042902a5e680b3db8e,
    type: 3}
  m_PrefabInstance: {fileID: 5618490206906891201}
  m_PrefabAsset: {fileID: 0}
--- !u!1001 &8039934075979381784
PrefabInstance:
  m_ObjectHideFlags: 0
  serializedVersion: 2
  m_Modification:
    m_TransformParent: {fileID: 5976575516931475070}
    m_Modifications:
    - target: {fileID: 974460941788551507, guid: fe831bebf54445f4b85aa693984dd56e,
        type: 3}
      propertyPath: m_RootOrder
      value: 5
      objectReference: {fileID: 0}
    - target: {fileID: 974460941788551507, guid: fe831bebf54445f4b85aa693984dd56e,
        type: 3}
      propertyPath: m_LocalPosition.x
      value: 3.29
      objectReference: {fileID: 0}
    - target: {fileID: 974460941788551507, guid: fe831bebf54445f4b85aa693984dd56e,
        type: 3}
      propertyPath: m_LocalPosition.y
      value: 0.2800002
      objectReference: {fileID: 0}
    - target: {fileID: 974460941788551507, guid: fe831bebf54445f4b85aa693984dd56e,
        type: 3}
      propertyPath: m_LocalPosition.z
      value: 0
      objectReference: {fileID: 0}
    - target: {fileID: 974460941788551507, guid: fe831bebf54445f4b85aa693984dd56e,
        type: 3}
      propertyPath: m_LocalRotation.w
      value: 1
      objectReference: {fileID: 0}
    - target: {fileID: 974460941788551507, guid: fe831bebf54445f4b85aa693984dd56e,
        type: 3}
      propertyPath: m_LocalRotation.x
      value: -0
      objectReference: {fileID: 0}
    - target: {fileID: 974460941788551507, guid: fe831bebf54445f4b85aa693984dd56e,
        type: 3}
      propertyPath: m_LocalRotation.y
      value: -0
      objectReference: {fileID: 0}
    - target: {fileID: 974460941788551507, guid: fe831bebf54445f4b85aa693984dd56e,
        type: 3}
      propertyPath: m_LocalRotation.z
      value: -0
      objectReference: {fileID: 0}
    - target: {fileID: 974460941788551507, guid: fe831bebf54445f4b85aa693984dd56e,
        type: 3}
      propertyPath: m_LocalEulerAnglesHint.x
      value: 0
      objectReference: {fileID: 0}
    - target: {fileID: 974460941788551507, guid: fe831bebf54445f4b85aa693984dd56e,
        type: 3}
      propertyPath: m_LocalEulerAnglesHint.y
      value: 0
      objectReference: {fileID: 0}
    - target: {fileID: 974460941788551507, guid: fe831bebf54445f4b85aa693984dd56e,
        type: 3}
      propertyPath: m_LocalEulerAnglesHint.z
      value: 0
      objectReference: {fileID: 0}
    - target: {fileID: 974460941788551510, guid: fe831bebf54445f4b85aa693984dd56e,
        type: 3}
      propertyPath: m_Name
      value: WoodLargeVerticlePlatform
      objectReference: {fileID: 0}
    m_RemovedComponents: []
  m_SourcePrefab: {fileID: 100100000, guid: fe831bebf54445f4b85aa693984dd56e, type: 3}
--- !u!4 &7067958030553556299 stripped
Transform:
  m_CorrespondingSourceObject: {fileID: 974460941788551507, guid: fe831bebf54445f4b85aa693984dd56e,
    type: 3}
  m_PrefabInstance: {fileID: 8039934075979381784}
  m_PrefabAsset: {fileID: 0}
