%YAML 1.1
%TAG !u! tag:unity3d.com,2011:
--- !u!1 &4208271500641451478
GameObject:
  m_ObjectHideFlags: 0
  m_CorrespondingSourceObject: {fileID: 0}
  m_PrefabInstance: {fileID: 0}
  m_PrefabAsset: {fileID: 0}
  serializedVersion: 6
  m_Component:
  - component: {fileID: 4208271500641451479}
  m_Layer: 0
  m_Name: Map52
  m_TagString: Untagged
  m_Icon: {fileID: 0}
  m_NavMeshLayer: 0
  m_StaticEditorFlags: 0
  m_IsActive: 1
--- !u!4 &4208271500641451479
Transform:
  m_ObjectHideFlags: 0
  m_CorrespondingSourceObject: {fileID: 0}
  m_PrefabInstance: {fileID: 0}
  m_PrefabAsset: {fileID: 0}
  m_GameObject: {fileID: 4208271500641451478}
  m_LocalRotation: {x: 0, y: 0, z: 0, w: 1}
  m_LocalPosition: {x: 0, y: 0, z: -19.720304}
  m_LocalScale: {x: 1, y: 1, z: 1}
  m_Children:
  - {fileID: 4027119331486346575}
  - {fileID: 4027119332551874433}
  - {fileID: 4027119331603747875}
  - {fileID: 4027119332471491073}
  - {fileID: 4027119332749269882}
  - {fileID: 4027119333222916206}
  - {fileID: 4027119332520030448}
  - {fileID: 4027119331734842943}
  - {fileID: 4027119331532309029}
  - {fileID: 4027119331812112717}
  - {fileID: 4027119332554333383}
  - {fileID: 4027119333281610865}
  - {fileID: 4027119332748947080}
  - {fileID: 4027119332043530603}
  - {fileID: 4027119331523457085}
  - {fileID: 4027119331690306264}
  - {fileID: 4027119333076034141}
  - {fileID: 4027119331889875757}
  - {fileID: 4027119333102278276}
  - {fileID: 4027119333493354818}
  m_Father: {fileID: 0}
  m_RootOrder: 0
  m_LocalEulerAnglesHint: {x: 0, y: 0, z: 0}
--- !u!1001 &4208271500072610211
PrefabInstance:
  m_ObjectHideFlags: 0
  serializedVersion: 2
  m_Modification:
    m_TransformParent: {fileID: 4208271500641451479}
    m_Modifications:
    - target: {fileID: 974460941788551507, guid: 65279831e3c1bde43af21995e66a7f12,
        type: 3}
      propertyPath: m_LocalPosition.x
      value: 4.64
      objectReference: {fileID: 0}
    - target: {fileID: 974460941788551507, guid: 65279831e3c1bde43af21995e66a7f12,
        type: 3}
      propertyPath: m_LocalPosition.y
      value: -3.55
      objectReference: {fileID: 0}
    - target: {fileID: 974460941788551507, guid: 65279831e3c1bde43af21995e66a7f12,
        type: 3}
      propertyPath: m_LocalPosition.z
      value: 19.720304
      objectReference: {fileID: 0}
    - target: {fileID: 974460941788551507, guid: 65279831e3c1bde43af21995e66a7f12,
        type: 3}
      propertyPath: m_LocalRotation.x
      value: -0
      objectReference: {fileID: 0}
    - target: {fileID: 974460941788551507, guid: 65279831e3c1bde43af21995e66a7f12,
        type: 3}
      propertyPath: m_LocalRotation.y
      value: -0
      objectReference: {fileID: 0}
    - target: {fileID: 974460941788551507, guid: 65279831e3c1bde43af21995e66a7f12,
        type: 3}
      propertyPath: m_LocalRotation.z
      value: -0
      objectReference: {fileID: 0}
    - target: {fileID: 974460941788551507, guid: 65279831e3c1bde43af21995e66a7f12,
        type: 3}
      propertyPath: m_LocalRotation.w
      value: 1
      objectReference: {fileID: 0}
    - target: {fileID: 974460941788551507, guid: 65279831e3c1bde43af21995e66a7f12,
        type: 3}
      propertyPath: m_RootOrder
      value: 6
      objectReference: {fileID: 0}
    - target: {fileID: 974460941788551507, guid: 65279831e3c1bde43af21995e66a7f12,
        type: 3}
      propertyPath: m_LocalEulerAnglesHint.x
      value: 0
      objectReference: {fileID: 0}
    - target: {fileID: 974460941788551507, guid: 65279831e3c1bde43af21995e66a7f12,
        type: 3}
      propertyPath: m_LocalEulerAnglesHint.y
      value: 0
      objectReference: {fileID: 0}
    - target: {fileID: 974460941788551507, guid: 65279831e3c1bde43af21995e66a7f12,
        type: 3}
      propertyPath: m_LocalEulerAnglesHint.z
      value: 0
      objectReference: {fileID: 0}
    - target: {fileID: 974460941788551510, guid: 65279831e3c1bde43af21995e66a7f12,
        type: 3}
      propertyPath: m_Name
      value: LargeUncolorVerticalPlatform
      objectReference: {fileID: 0}
    m_RemovedComponents: []
  m_SourcePrefab: {fileID: 100100000, guid: 65279831e3c1bde43af21995e66a7f12, type: 3}
--- !u!4 &4027119332520030448 stripped
Transform:
  m_CorrespondingSourceObject: {fileID: 974460941788551507, guid: 65279831e3c1bde43af21995e66a7f12,
    type: 3}
  m_PrefabInstance: {fileID: 4208271500072610211}
  m_PrefabAsset: {fileID: 0}
--- !u!1001 &4208271500116939602
PrefabInstance:
  m_ObjectHideFlags: 0
  serializedVersion: 2
  m_Modification:
    m_TransformParent: {fileID: 4208271500641451479}
    m_Modifications:
    - target: {fileID: 974460941788551507, guid: 5578cd01f0e4f8144b11faed08b13693,
        type: 3}
      propertyPath: m_LocalPosition.x
      value: -0.56
      objectReference: {fileID: 0}
    - target: {fileID: 974460941788551507, guid: 5578cd01f0e4f8144b11faed08b13693,
        type: 3}
      propertyPath: m_LocalPosition.y
      value: -4.52
      objectReference: {fileID: 0}
    - target: {fileID: 974460941788551507, guid: 5578cd01f0e4f8144b11faed08b13693,
        type: 3}
      propertyPath: m_LocalPosition.z
      value: 19.720304
      objectReference: {fileID: 0}
    - target: {fileID: 974460941788551507, guid: 5578cd01f0e4f8144b11faed08b13693,
        type: 3}
      propertyPath: m_LocalRotation.x
      value: -0
      objectReference: {fileID: 0}
    - target: {fileID: 974460941788551507, guid: 5578cd01f0e4f8144b11faed08b13693,
        type: 3}
      propertyPath: m_LocalRotation.y
      value: -0
      objectReference: {fileID: 0}
    - target: {fileID: 974460941788551507, guid: 5578cd01f0e4f8144b11faed08b13693,
        type: 3}
      propertyPath: m_LocalRotation.z
      value: -0
      objectReference: {fileID: 0}
    - target: {fileID: 974460941788551507, guid: 5578cd01f0e4f8144b11faed08b13693,
        type: 3}
      propertyPath: m_LocalRotation.w
      value: 1
      objectReference: {fileID: 0}
    - target: {fileID: 974460941788551507, guid: 5578cd01f0e4f8144b11faed08b13693,
        type: 3}
      propertyPath: m_RootOrder
      value: 3
      objectReference: {fileID: 0}
    - target: {fileID: 974460941788551507, guid: 5578cd01f0e4f8144b11faed08b13693,
        type: 3}
      propertyPath: m_LocalEulerAnglesHint.x
      value: 0
      objectReference: {fileID: 0}
    - target: {fileID: 974460941788551507, guid: 5578cd01f0e4f8144b11faed08b13693,
        type: 3}
      propertyPath: m_LocalEulerAnglesHint.y
      value: 0
      objectReference: {fileID: 0}
    - target: {fileID: 974460941788551507, guid: 5578cd01f0e4f8144b11faed08b13693,
        type: 3}
      propertyPath: m_LocalEulerAnglesHint.z
      value: 0
      objectReference: {fileID: 0}
    - target: {fileID: 974460941788551510, guid: 5578cd01f0e4f8144b11faed08b13693,
        type: 3}
      propertyPath: m_Name
      value: SwitchPlatform_Blue
      objectReference: {fileID: 0}
    - target: {fileID: 6213072878148055946, guid: 5578cd01f0e4f8144b11faed08b13693,
        type: 3}
      propertyPath: platformID
      value: 1
      objectReference: {fileID: 0}
    m_RemovedComponents: []
  m_SourcePrefab: {fileID: 100100000, guid: 5578cd01f0e4f8144b11faed08b13693, type: 3}
--- !u!4 &4027119332471491073 stripped
Transform:
  m_CorrespondingSourceObject: {fileID: 974460941788551507, guid: 5578cd01f0e4f8144b11faed08b13693,
    type: 3}
  m_PrefabInstance: {fileID: 4208271500116939602}
  m_PrefabAsset: {fileID: 0}
--- !u!1001 &4208271500170514130
PrefabInstance:
  m_ObjectHideFlags: 0
  serializedVersion: 2
  m_Modification:
    m_TransformParent: {fileID: 4208271500641451479}
    m_Modifications:
    - target: {fileID: 974460941788551507, guid: f84df40d501fffc498f4e65c12a0e8b2,
        type: 3}
      propertyPath: m_LocalPosition.x
      value: -4.02
      objectReference: {fileID: 0}
    - target: {fileID: 974460941788551507, guid: f84df40d501fffc498f4e65c12a0e8b2,
        type: 3}
      propertyPath: m_LocalPosition.y
      value: 0.18
      objectReference: {fileID: 0}
    - target: {fileID: 974460941788551507, guid: f84df40d501fffc498f4e65c12a0e8b2,
        type: 3}
      propertyPath: m_LocalPosition.z
      value: 19.720304
      objectReference: {fileID: 0}
    - target: {fileID: 974460941788551507, guid: f84df40d501fffc498f4e65c12a0e8b2,
        type: 3}
      propertyPath: m_LocalRotation.x
      value: -0
      objectReference: {fileID: 0}
    - target: {fileID: 974460941788551507, guid: f84df40d501fffc498f4e65c12a0e8b2,
        type: 3}
      propertyPath: m_LocalRotation.y
      value: -0
      objectReference: {fileID: 0}
    - target: {fileID: 974460941788551507, guid: f84df40d501fffc498f4e65c12a0e8b2,
        type: 3}
      propertyPath: m_LocalRotation.z
      value: -0
      objectReference: {fileID: 0}
    - target: {fileID: 974460941788551507, guid: f84df40d501fffc498f4e65c12a0e8b2,
        type: 3}
      propertyPath: m_LocalRotation.w
      value: 1
      objectReference: {fileID: 0}
    - target: {fileID: 974460941788551507, guid: f84df40d501fffc498f4e65c12a0e8b2,
        type: 3}
      propertyPath: m_RootOrder
      value: 1
      objectReference: {fileID: 0}
    - target: {fileID: 974460941788551507, guid: f84df40d501fffc498f4e65c12a0e8b2,
        type: 3}
      propertyPath: m_LocalEulerAnglesHint.x
      value: 0
      objectReference: {fileID: 0}
    - target: {fileID: 974460941788551507, guid: f84df40d501fffc498f4e65c12a0e8b2,
        type: 3}
      propertyPath: m_LocalEulerAnglesHint.y
      value: 0
      objectReference: {fileID: 0}
    - target: {fileID: 974460941788551507, guid: f84df40d501fffc498f4e65c12a0e8b2,
        type: 3}
      propertyPath: m_LocalEulerAnglesHint.z
      value: 0
      objectReference: {fileID: 0}
    - target: {fileID: 974460941788551510, guid: f84df40d501fffc498f4e65c12a0e8b2,
        type: 3}
      propertyPath: m_Name
      value: LargeUncolorHorizontallPlatform
      objectReference: {fileID: 0}
    m_RemovedComponents: []
  m_SourcePrefab: {fileID: 100100000, guid: f84df40d501fffc498f4e65c12a0e8b2, type: 3}
--- !u!4 &4027119332551874433 stripped
Transform:
  m_CorrespondingSourceObject: {fileID: 974460941788551507, guid: f84df40d501fffc498f4e65c12a0e8b2,
    type: 3}
  m_PrefabInstance: {fileID: 4208271500170514130}
  m_PrefabAsset: {fileID: 0}
--- !u!1001 &4208271500199773588
PrefabInstance:
  m_ObjectHideFlags: 0
  serializedVersion: 2
  m_Modification:
    m_TransformParent: {fileID: 4208271500641451479}
    m_Modifications:
    - target: {fileID: 974460941788551507, guid: 65279831e3c1bde43af21995e66a7f12,
        type: 3}
      propertyPath: m_LocalPosition.x
      value: 7.68
      objectReference: {fileID: 0}
    - target: {fileID: 974460941788551507, guid: 65279831e3c1bde43af21995e66a7f12,
        type: 3}
      propertyPath: m_LocalPosition.y
      value: -0.96
      objectReference: {fileID: 0}
    - target: {fileID: 974460941788551507, guid: 65279831e3c1bde43af21995e66a7f12,
        type: 3}
      propertyPath: m_LocalPosition.z
      value: 19.720304
      objectReference: {fileID: 0}
    - target: {fileID: 974460941788551507, guid: 65279831e3c1bde43af21995e66a7f12,
        type: 3}
      propertyPath: m_LocalRotation.x
      value: -0
      objectReference: {fileID: 0}
    - target: {fileID: 974460941788551507, guid: 65279831e3c1bde43af21995e66a7f12,
        type: 3}
      propertyPath: m_LocalRotation.y
      value: -0
      objectReference: {fileID: 0}
    - target: {fileID: 974460941788551507, guid: 65279831e3c1bde43af21995e66a7f12,
        type: 3}
      propertyPath: m_LocalRotation.z
      value: -0
      objectReference: {fileID: 0}
    - target: {fileID: 974460941788551507, guid: 65279831e3c1bde43af21995e66a7f12,
        type: 3}
      propertyPath: m_LocalRotation.w
      value: 1
      objectReference: {fileID: 0}
    - target: {fileID: 974460941788551507, guid: 65279831e3c1bde43af21995e66a7f12,
        type: 3}
      propertyPath: m_RootOrder
      value: 10
      objectReference: {fileID: 0}
    - target: {fileID: 974460941788551507, guid: 65279831e3c1bde43af21995e66a7f12,
        type: 3}
      propertyPath: m_LocalEulerAnglesHint.x
      value: 0
      objectReference: {fileID: 0}
    - target: {fileID: 974460941788551507, guid: 65279831e3c1bde43af21995e66a7f12,
        type: 3}
      propertyPath: m_LocalEulerAnglesHint.y
      value: 0
      objectReference: {fileID: 0}
    - target: {fileID: 974460941788551507, guid: 65279831e3c1bde43af21995e66a7f12,
        type: 3}
      propertyPath: m_LocalEulerAnglesHint.z
      value: 0
      objectReference: {fileID: 0}
    - target: {fileID: 974460941788551510, guid: 65279831e3c1bde43af21995e66a7f12,
        type: 3}
      propertyPath: m_Name
      value: LargeUncolorVerticalPlatform (1)
      objectReference: {fileID: 0}
    m_RemovedComponents: []
  m_SourcePrefab: {fileID: 100100000, guid: 65279831e3c1bde43af21995e66a7f12, type: 3}
--- !u!4 &4027119332554333383 stripped
Transform:
  m_CorrespondingSourceObject: {fileID: 974460941788551507, guid: 65279831e3c1bde43af21995e66a7f12,
    type: 3}
  m_PrefabInstance: {fileID: 4208271500199773588}
  m_PrefabAsset: {fileID: 0}
--- !u!1001 &4208271500376504283
PrefabInstance:
  m_ObjectHideFlags: 0
  serializedVersion: 2
  m_Modification:
    m_TransformParent: {fileID: 4208271500641451479}
    m_Modifications:
    - target: {fileID: 974460941788551507, guid: fe831bebf54445f4b85aa693984dd56e,
        type: 3}
      propertyPath: m_LocalPosition.x
      value: -1.6
      objectReference: {fileID: 0}
    - target: {fileID: 974460941788551507, guid: fe831bebf54445f4b85aa693984dd56e,
        type: 3}
      propertyPath: m_LocalPosition.y
      value: 0.17
      objectReference: {fileID: 0}
    - target: {fileID: 974460941788551507, guid: fe831bebf54445f4b85aa693984dd56e,
        type: 3}
      propertyPath: m_LocalPosition.z
      value: 19.720304
      objectReference: {fileID: 0}
    - target: {fileID: 974460941788551507, guid: fe831bebf54445f4b85aa693984dd56e,
        type: 3}
      propertyPath: m_LocalRotation.x
      value: -0
      objectReference: {fileID: 0}
    - target: {fileID: 974460941788551507, guid: fe831bebf54445f4b85aa693984dd56e,
        type: 3}
      propertyPath: m_LocalRotation.y
      value: -0
      objectReference: {fileID: 0}
    - target: {fileID: 974460941788551507, guid: fe831bebf54445f4b85aa693984dd56e,
        type: 3}
      propertyPath: m_LocalRotation.z
      value: -0
      objectReference: {fileID: 0}
    - target: {fileID: 974460941788551507, guid: fe831bebf54445f4b85aa693984dd56e,
        type: 3}
      propertyPath: m_LocalRotation.w
      value: 1
      objectReference: {fileID: 0}
    - target: {fileID: 974460941788551507, guid: fe831bebf54445f4b85aa693984dd56e,
        type: 3}
      propertyPath: m_RootOrder
      value: 12
      objectReference: {fileID: 0}
    - target: {fileID: 974460941788551507, guid: fe831bebf54445f4b85aa693984dd56e,
        type: 3}
      propertyPath: m_LocalEulerAnglesHint.x
      value: 0
      objectReference: {fileID: 0}
    - target: {fileID: 974460941788551507, guid: fe831bebf54445f4b85aa693984dd56e,
        type: 3}
      propertyPath: m_LocalEulerAnglesHint.y
      value: 0
      objectReference: {fileID: 0}
    - target: {fileID: 974460941788551507, guid: fe831bebf54445f4b85aa693984dd56e,
        type: 3}
      propertyPath: m_LocalEulerAnglesHint.z
      value: 0
      objectReference: {fileID: 0}
    - target: {fileID: 974460941788551510, guid: fe831bebf54445f4b85aa693984dd56e,
        type: 3}
      propertyPath: m_Name
      value: LargeWoodHorizontalPlatform (3)
      objectReference: {fileID: 0}
    m_RemovedComponents: []
  m_SourcePrefab: {fileID: 100100000, guid: fe831bebf54445f4b85aa693984dd56e, type: 3}
--- !u!4 &4027119332748947080 stripped
Transform:
  m_CorrespondingSourceObject: {fileID: 974460941788551507, guid: fe831bebf54445f4b85aa693984dd56e,
    type: 3}
  m_PrefabInstance: {fileID: 4208271500376504283}
  m_PrefabAsset: {fileID: 0}
--- !u!1001 &4208271500377866793
PrefabInstance:
  m_ObjectHideFlags: 0
  serializedVersion: 2
  m_Modification:
    m_TransformParent: {fileID: 4208271500641451479}
    m_Modifications:
    - target: {fileID: 974460941788551507, guid: c6b456542fbd29f4aa18b79f4e56adb7,
        type: 3}
      propertyPath: m_LocalPosition.x
      value: 5.43
      objectReference: {fileID: 0}
    - target: {fileID: 974460941788551507, guid: c6b456542fbd29f4aa18b79f4e56adb7,
        type: 3}
      propertyPath: m_LocalPosition.y
      value: -2.63
      objectReference: {fileID: 0}
    - target: {fileID: 974460941788551507, guid: c6b456542fbd29f4aa18b79f4e56adb7,
        type: 3}
      propertyPath: m_LocalPosition.z
      value: 19.720304
      objectReference: {fileID: 0}
    - target: {fileID: 974460941788551507, guid: c6b456542fbd29f4aa18b79f4e56adb7,
        type: 3}
      propertyPath: m_LocalRotation.x
      value: -0
      objectReference: {fileID: 0}
    - target: {fileID: 974460941788551507, guid: c6b456542fbd29f4aa18b79f4e56adb7,
        type: 3}
      propertyPath: m_LocalRotation.y
      value: -0
      objectReference: {fileID: 0}
    - target: {fileID: 974460941788551507, guid: c6b456542fbd29f4aa18b79f4e56adb7,
        type: 3}
      propertyPath: m_LocalRotation.z
      value: -0
      objectReference: {fileID: 0}
    - target: {fileID: 974460941788551507, guid: c6b456542fbd29f4aa18b79f4e56adb7,
        type: 3}
      propertyPath: m_LocalRotation.w
      value: 1
      objectReference: {fileID: 0}
    - target: {fileID: 974460941788551507, guid: c6b456542fbd29f4aa18b79f4e56adb7,
        type: 3}
      propertyPath: m_RootOrder
      value: 4
      objectReference: {fileID: 0}
    - target: {fileID: 974460941788551507, guid: c6b456542fbd29f4aa18b79f4e56adb7,
        type: 3}
      propertyPath: m_LocalEulerAnglesHint.x
      value: 0
      objectReference: {fileID: 0}
    - target: {fileID: 974460941788551507, guid: c6b456542fbd29f4aa18b79f4e56adb7,
        type: 3}
      propertyPath: m_LocalEulerAnglesHint.y
      value: 0
      objectReference: {fileID: 0}
    - target: {fileID: 974460941788551507, guid: c6b456542fbd29f4aa18b79f4e56adb7,
        type: 3}
      propertyPath: m_LocalEulerAnglesHint.z
      value: 0
      objectReference: {fileID: 0}
    - target: {fileID: 974460941788551510, guid: c6b456542fbd29f4aa18b79f4e56adb7,
        type: 3}
      propertyPath: m_Name
      value: SmallUncolorHorizontalPlatform
      objectReference: {fileID: 0}
    m_RemovedComponents: []
  m_SourcePrefab: {fileID: 100100000, guid: c6b456542fbd29f4aa18b79f4e56adb7, type: 3}
--- !u!4 &4027119332749269882 stripped
Transform:
  m_CorrespondingSourceObject: {fileID: 974460941788551507, guid: c6b456542fbd29f4aa18b79f4e56adb7,
    type: 3}
  m_PrefabInstance: {fileID: 4208271500377866793}
  m_PrefabAsset: {fileID: 0}
--- !u!1001 &4208271500573194557
PrefabInstance:
  m_ObjectHideFlags: 0
  serializedVersion: 2
  m_Modification:
    m_TransformParent: {fileID: 4208271500641451479}
    m_Modifications:
    - target: {fileID: 974460941788551507, guid: fe831bebf54445f4b85aa693984dd56e,
        type: 3}
      propertyPath: m_LocalPosition.x
      value: 6.174918
      objectReference: {fileID: 0}
    - target: {fileID: 974460941788551507, guid: fe831bebf54445f4b85aa693984dd56e,
        type: 3}
      propertyPath: m_LocalPosition.y
      value: -4.76752
      objectReference: {fileID: 0}
    - target: {fileID: 974460941788551507, guid: fe831bebf54445f4b85aa693984dd56e,
        type: 3}
      propertyPath: m_LocalPosition.z
      value: 19.720304
      objectReference: {fileID: 0}
    - target: {fileID: 974460941788551507, guid: fe831bebf54445f4b85aa693984dd56e,
        type: 3}
      propertyPath: m_LocalRotation.x
      value: -0
      objectReference: {fileID: 0}
    - target: {fileID: 974460941788551507, guid: fe831bebf54445f4b85aa693984dd56e,
        type: 3}
      propertyPath: m_LocalRotation.y
      value: -0
      objectReference: {fileID: 0}
    - target: {fileID: 974460941788551507, guid: fe831bebf54445f4b85aa693984dd56e,
        type: 3}
      propertyPath: m_LocalRotation.z
      value: -0
      objectReference: {fileID: 0}
    - target: {fileID: 974460941788551507, guid: fe831bebf54445f4b85aa693984dd56e,
        type: 3}
      propertyPath: m_LocalRotation.w
      value: 1
      objectReference: {fileID: 0}
    - target: {fileID: 974460941788551507, guid: fe831bebf54445f4b85aa693984dd56e,
        type: 3}
      propertyPath: m_RootOrder
      value: 5
      objectReference: {fileID: 0}
    - target: {fileID: 974460941788551507, guid: fe831bebf54445f4b85aa693984dd56e,
        type: 3}
      propertyPath: m_LocalEulerAnglesHint.x
      value: 0
      objectReference: {fileID: 0}
    - target: {fileID: 974460941788551507, guid: fe831bebf54445f4b85aa693984dd56e,
        type: 3}
      propertyPath: m_LocalEulerAnglesHint.y
      value: 0
      objectReference: {fileID: 0}
    - target: {fileID: 974460941788551507, guid: fe831bebf54445f4b85aa693984dd56e,
        type: 3}
      propertyPath: m_LocalEulerAnglesHint.z
      value: 0
      objectReference: {fileID: 0}
    - target: {fileID: 974460941788551510, guid: fe831bebf54445f4b85aa693984dd56e,
        type: 3}
      propertyPath: m_Name
      value: LargeWoodHorizontalPlatform
      objectReference: {fileID: 0}
    m_RemovedComponents: []
  m_SourcePrefab: {fileID: 100100000, guid: fe831bebf54445f4b85aa693984dd56e, type: 3}
--- !u!4 &4027119333222916206 stripped
Transform:
  m_CorrespondingSourceObject: {fileID: 974460941788551507, guid: fe831bebf54445f4b85aa693984dd56e,
    type: 3}
  m_PrefabInstance: {fileID: 4208271500573194557}
  m_PrefabAsset: {fileID: 0}
--- !u!1001 &4208271500720372494
PrefabInstance:
  m_ObjectHideFlags: 0
  serializedVersion: 2
  m_Modification:
    m_TransformParent: {fileID: 4208271500641451479}
    m_Modifications:
    - target: {fileID: 974460941788551507, guid: f84df40d501fffc498f4e65c12a0e8b2,
        type: 3}
      propertyPath: m_LocalPosition.x
      value: 0.82
      objectReference: {fileID: 0}
    - target: {fileID: 974460941788551507, guid: f84df40d501fffc498f4e65c12a0e8b2,
        type: 3}
      propertyPath: m_LocalPosition.y
      value: 0.18
      objectReference: {fileID: 0}
    - target: {fileID: 974460941788551507, guid: f84df40d501fffc498f4e65c12a0e8b2,
        type: 3}
      propertyPath: m_LocalPosition.z
      value: 19.720304
      objectReference: {fileID: 0}
    - target: {fileID: 974460941788551507, guid: f84df40d501fffc498f4e65c12a0e8b2,
        type: 3}
      propertyPath: m_LocalRotation.x
      value: -0
      objectReference: {fileID: 0}
    - target: {fileID: 974460941788551507, guid: f84df40d501fffc498f4e65c12a0e8b2,
        type: 3}
      propertyPath: m_LocalRotation.y
      value: -0
      objectReference: {fileID: 0}
    - target: {fileID: 974460941788551507, guid: f84df40d501fffc498f4e65c12a0e8b2,
        type: 3}
      propertyPath: m_LocalRotation.z
      value: -0
      objectReference: {fileID: 0}
    - target: {fileID: 974460941788551507, guid: f84df40d501fffc498f4e65c12a0e8b2,
        type: 3}
      propertyPath: m_LocalRotation.w
      value: 1
      objectReference: {fileID: 0}
    - target: {fileID: 974460941788551507, guid: f84df40d501fffc498f4e65c12a0e8b2,
        type: 3}
      propertyPath: m_RootOrder
      value: 16
      objectReference: {fileID: 0}
    - target: {fileID: 974460941788551507, guid: f84df40d501fffc498f4e65c12a0e8b2,
        type: 3}
      propertyPath: m_LocalEulerAnglesHint.x
      value: 0
      objectReference: {fileID: 0}
    - target: {fileID: 974460941788551507, guid: f84df40d501fffc498f4e65c12a0e8b2,
        type: 3}
      propertyPath: m_LocalEulerAnglesHint.y
      value: 0
      objectReference: {fileID: 0}
    - target: {fileID: 974460941788551507, guid: f84df40d501fffc498f4e65c12a0e8b2,
        type: 3}
      propertyPath: m_LocalEulerAnglesHint.z
      value: 0
      objectReference: {fileID: 0}
    - target: {fileID: 974460941788551510, guid: f84df40d501fffc498f4e65c12a0e8b2,
        type: 3}
      propertyPath: m_Name
      value: LargeUncolorHorizontallPlatform (1)
      objectReference: {fileID: 0}
    m_RemovedComponents: []
  m_SourcePrefab: {fileID: 100100000, guid: f84df40d501fffc498f4e65c12a0e8b2, type: 3}
--- !u!4 &4027119333076034141 stripped
Transform:
  m_CorrespondingSourceObject: {fileID: 974460941788551507, guid: f84df40d501fffc498f4e65c12a0e8b2,
    type: 3}
  m_PrefabInstance: {fileID: 4208271500720372494}
  m_PrefabAsset: {fileID: 0}
--- !u!1001 &4208271500729896919
PrefabInstance:
  m_ObjectHideFlags: 0
  serializedVersion: 2
  m_Modification:
    m_TransformParent: {fileID: 4208271500641451479}
    m_Modifications:
    - target: {fileID: 974460941788551507, guid: c6b456542fbd29f4aa18b79f4e56adb7,
        type: 3}
      propertyPath: m_LocalPosition.x
      value: 2.93
      objectReference: {fileID: 0}
    - target: {fileID: 974460941788551507, guid: c6b456542fbd29f4aa18b79f4e56adb7,
        type: 3}
      propertyPath: m_LocalPosition.y
      value: -4.49
      objectReference: {fileID: 0}
    - target: {fileID: 974460941788551507, guid: c6b456542fbd29f4aa18b79f4e56adb7,
        type: 3}
      propertyPath: m_LocalPosition.z
      value: 19.720304
      objectReference: {fileID: 0}
    - target: {fileID: 974460941788551507, guid: c6b456542fbd29f4aa18b79f4e56adb7,
        type: 3}
      propertyPath: m_LocalRotation.x
      value: -0
      objectReference: {fileID: 0}
    - target: {fileID: 974460941788551507, guid: c6b456542fbd29f4aa18b79f4e56adb7,
        type: 3}
      propertyPath: m_LocalRotation.y
      value: -0
      objectReference: {fileID: 0}
    - target: {fileID: 974460941788551507, guid: c6b456542fbd29f4aa18b79f4e56adb7,
        type: 3}
      propertyPath: m_LocalRotation.z
      value: -0
      objectReference: {fileID: 0}
    - target: {fileID: 974460941788551507, guid: c6b456542fbd29f4aa18b79f4e56adb7,
        type: 3}
      propertyPath: m_LocalRotation.w
      value: 1
      objectReference: {fileID: 0}
    - target: {fileID: 974460941788551507, guid: c6b456542fbd29f4aa18b79f4e56adb7,
        type: 3}
      propertyPath: m_RootOrder
      value: 18
      objectReference: {fileID: 0}
    - target: {fileID: 974460941788551507, guid: c6b456542fbd29f4aa18b79f4e56adb7,
        type: 3}
      propertyPath: m_LocalEulerAnglesHint.x
      value: 0
      objectReference: {fileID: 0}
    - target: {fileID: 974460941788551507, guid: c6b456542fbd29f4aa18b79f4e56adb7,
        type: 3}
      propertyPath: m_LocalEulerAnglesHint.y
      value: 0
      objectReference: {fileID: 0}
    - target: {fileID: 974460941788551507, guid: c6b456542fbd29f4aa18b79f4e56adb7,
        type: 3}
      propertyPath: m_LocalEulerAnglesHint.z
      value: 0
      objectReference: {fileID: 0}
    - target: {fileID: 974460941788551510, guid: c6b456542fbd29f4aa18b79f4e56adb7,
        type: 3}
      propertyPath: m_Name
      value: SmallUncolorHorizontalPlatform (2)
      objectReference: {fileID: 0}
    m_RemovedComponents: []
  m_SourcePrefab: {fileID: 100100000, guid: c6b456542fbd29f4aa18b79f4e56adb7, type: 3}
--- !u!4 &4027119333102278276 stripped
Transform:
  m_CorrespondingSourceObject: {fileID: 974460941788551507, guid: c6b456542fbd29f4aa18b79f4e56adb7,
    type: 3}
  m_PrefabInstance: {fileID: 4208271500729896919}
  m_PrefabAsset: {fileID: 0}
--- !u!1001 &4208271500844083217
PrefabInstance:
  m_ObjectHideFlags: 0
  serializedVersion: 2
  m_Modification:
    m_TransformParent: {fileID: 4208271500641451479}
    m_Modifications:
    - target: {fileID: 974460941788551507, guid: c6b456542fbd29f4aa18b79f4e56adb7,
        type: 3}
      propertyPath: m_LocalPosition.x
      value: 6.866783
      objectReference: {fileID: 0}
    - target: {fileID: 974460941788551507, guid: c6b456542fbd29f4aa18b79f4e56adb7,
        type: 3}
      propertyPath: m_LocalPosition.y
      value: -0.39
      objectReference: {fileID: 0}
    - target: {fileID: 974460941788551507, guid: c6b456542fbd29f4aa18b79f4e56adb7,
        type: 3}
      propertyPath: m_LocalPosition.z
      value: 19.720304
      objectReference: {fileID: 0}
    - target: {fileID: 974460941788551507, guid: c6b456542fbd29f4aa18b79f4e56adb7,
        type: 3}
      propertyPath: m_LocalRotation.x
      value: -0
      objectReference: {fileID: 0}
    - target: {fileID: 974460941788551507, guid: c6b456542fbd29f4aa18b79f4e56adb7,
        type: 3}
      propertyPath: m_LocalRotation.y
      value: -0
      objectReference: {fileID: 0}
    - target: {fileID: 974460941788551507, guid: c6b456542fbd29f4aa18b79f4e56adb7,
        type: 3}
      propertyPath: m_LocalRotation.z
      value: -0
      objectReference: {fileID: 0}
    - target: {fileID: 974460941788551507, guid: c6b456542fbd29f4aa18b79f4e56adb7,
        type: 3}
      propertyPath: m_LocalRotation.w
      value: 1
      objectReference: {fileID: 0}
    - target: {fileID: 974460941788551507, guid: c6b456542fbd29f4aa18b79f4e56adb7,
        type: 3}
      propertyPath: m_RootOrder
      value: 19
      objectReference: {fileID: 0}
    - target: {fileID: 974460941788551507, guid: c6b456542fbd29f4aa18b79f4e56adb7,
        type: 3}
      propertyPath: m_LocalEulerAnglesHint.x
      value: 0
      objectReference: {fileID: 0}
    - target: {fileID: 974460941788551507, guid: c6b456542fbd29f4aa18b79f4e56adb7,
        type: 3}
      propertyPath: m_LocalEulerAnglesHint.y
      value: 0
      objectReference: {fileID: 0}
    - target: {fileID: 974460941788551507, guid: c6b456542fbd29f4aa18b79f4e56adb7,
        type: 3}
      propertyPath: m_LocalEulerAnglesHint.z
      value: 0
      objectReference: {fileID: 0}
    - target: {fileID: 974460941788551510, guid: c6b456542fbd29f4aa18b79f4e56adb7,
        type: 3}
      propertyPath: m_Name
      value: SmallUncolorHorizontalPlatform (4)
      objectReference: {fileID: 0}
    m_RemovedComponents: []
  m_SourcePrefab: {fileID: 100100000, guid: c6b456542fbd29f4aa18b79f4e56adb7, type: 3}
--- !u!4 &4027119333493354818 stripped
Transform:
  m_CorrespondingSourceObject: {fileID: 974460941788551507, guid: c6b456542fbd29f4aa18b79f4e56adb7,
    type: 3}
  m_PrefabInstance: {fileID: 4208271500844083217}
  m_PrefabAsset: {fileID: 0}
--- !u!1001 &4208271500917548322
PrefabInstance:
  m_ObjectHideFlags: 0
  serializedVersion: 2
  m_Modification:
    m_TransformParent: {fileID: 4208271500641451479}
    m_Modifications:
    - target: {fileID: 974460941788551507, guid: fe831bebf54445f4b85aa693984dd56e,
        type: 3}
      propertyPath: m_LocalPosition.x
      value: 3.29
      objectReference: {fileID: 0}
    - target: {fileID: 974460941788551507, guid: fe831bebf54445f4b85aa693984dd56e,
        type: 3}
      propertyPath: m_LocalPosition.y
      value: 0.2
      objectReference: {fileID: 0}
    - target: {fileID: 974460941788551507, guid: fe831bebf54445f4b85aa693984dd56e,
        type: 3}
      propertyPath: m_LocalPosition.z
      value: 19.720304
      objectReference: {fileID: 0}
    - target: {fileID: 974460941788551507, guid: fe831bebf54445f4b85aa693984dd56e,
        type: 3}
      propertyPath: m_LocalRotation.x
      value: -0
      objectReference: {fileID: 0}
    - target: {fileID: 974460941788551507, guid: fe831bebf54445f4b85aa693984dd56e,
        type: 3}
      propertyPath: m_LocalRotation.y
      value: -0
      objectReference: {fileID: 0}
    - target: {fileID: 974460941788551507, guid: fe831bebf54445f4b85aa693984dd56e,
        type: 3}
      propertyPath: m_LocalRotation.z
      value: -0
      objectReference: {fileID: 0}
    - target: {fileID: 974460941788551507, guid: fe831bebf54445f4b85aa693984dd56e,
        type: 3}
      propertyPath: m_LocalRotation.w
      value: 1
      objectReference: {fileID: 0}
    - target: {fileID: 974460941788551507, guid: fe831bebf54445f4b85aa693984dd56e,
        type: 3}
      propertyPath: m_RootOrder
      value: 11
      objectReference: {fileID: 0}
    - target: {fileID: 974460941788551507, guid: fe831bebf54445f4b85aa693984dd56e,
        type: 3}
      propertyPath: m_LocalEulerAnglesHint.x
      value: 0
      objectReference: {fileID: 0}
    - target: {fileID: 974460941788551507, guid: fe831bebf54445f4b85aa693984dd56e,
        type: 3}
      propertyPath: m_LocalEulerAnglesHint.y
      value: 0
      objectReference: {fileID: 0}
    - target: {fileID: 974460941788551507, guid: fe831bebf54445f4b85aa693984dd56e,
        type: 3}
      propertyPath: m_LocalEulerAnglesHint.z
      value: 0
      objectReference: {fileID: 0}
    - target: {fileID: 974460941788551510, guid: fe831bebf54445f4b85aa693984dd56e,
        type: 3}
      propertyPath: m_Name
      value: LargeWoodHorizontalPlatform (1)
      objectReference: {fileID: 0}
    m_RemovedComponents: []
  m_SourcePrefab: {fileID: 100100000, guid: fe831bebf54445f4b85aa693984dd56e, type: 3}
--- !u!4 &4027119333281610865 stripped
Transform:
  m_CorrespondingSourceObject: {fileID: 974460941788551507, guid: fe831bebf54445f4b85aa693984dd56e,
    type: 3}
  m_PrefabInstance: {fileID: 4208271500917548322}
  m_PrefabAsset: {fileID: 0}
--- !u!1001 &4208271501056220022
PrefabInstance:
  m_ObjectHideFlags: 0
  serializedVersion: 2
  m_Modification:
    m_TransformParent: {fileID: 4208271500641451479}
    m_Modifications:
    - target: {fileID: 974460941788551507, guid: c6b456542fbd29f4aa18b79f4e56adb7,
        type: 3}
      propertyPath: m_LocalPosition.x
      value: 6.866783
      objectReference: {fileID: 0}
    - target: {fileID: 974460941788551507, guid: c6b456542fbd29f4aa18b79f4e56adb7,
        type: 3}
      propertyPath: m_LocalPosition.y
      value: -2.6371732
      objectReference: {fileID: 0}
    - target: {fileID: 974460941788551507, guid: c6b456542fbd29f4aa18b79f4e56adb7,
        type: 3}
      propertyPath: m_LocalPosition.z
      value: 19.720304
      objectReference: {fileID: 0}
    - target: {fileID: 974460941788551507, guid: c6b456542fbd29f4aa18b79f4e56adb7,
        type: 3}
      propertyPath: m_LocalRotation.x
      value: -0
      objectReference: {fileID: 0}
    - target: {fileID: 974460941788551507, guid: c6b456542fbd29f4aa18b79f4e56adb7,
        type: 3}
      propertyPath: m_LocalRotation.y
      value: -0
      objectReference: {fileID: 0}
    - target: {fileID: 974460941788551507, guid: c6b456542fbd29f4aa18b79f4e56adb7,
        type: 3}
      propertyPath: m_LocalRotation.z
      value: -0
      objectReference: {fileID: 0}
    - target: {fileID: 974460941788551507, guid: c6b456542fbd29f4aa18b79f4e56adb7,
        type: 3}
      propertyPath: m_LocalRotation.w
      value: 1
      objectReference: {fileID: 0}
    - target: {fileID: 974460941788551507, guid: c6b456542fbd29f4aa18b79f4e56adb7,
        type: 3}
      propertyPath: m_RootOrder
      value: 8
      objectReference: {fileID: 0}
    - target: {fileID: 974460941788551507, guid: c6b456542fbd29f4aa18b79f4e56adb7,
        type: 3}
      propertyPath: m_LocalEulerAnglesHint.x
      value: 0
      objectReference: {fileID: 0}
    - target: {fileID: 974460941788551507, guid: c6b456542fbd29f4aa18b79f4e56adb7,
        type: 3}
      propertyPath: m_LocalEulerAnglesHint.y
      value: 0
      objectReference: {fileID: 0}
    - target: {fileID: 974460941788551507, guid: c6b456542fbd29f4aa18b79f4e56adb7,
        type: 3}
      propertyPath: m_LocalEulerAnglesHint.z
      value: 0
      objectReference: {fileID: 0}
    - target: {fileID: 974460941788551510, guid: c6b456542fbd29f4aa18b79f4e56adb7,
        type: 3}
      propertyPath: m_Name
      value: SmallUncolorHorizontalPlatform (1)
      objectReference: {fileID: 0}
    m_RemovedComponents: []
  m_SourcePrefab: {fileID: 100100000, guid: c6b456542fbd29f4aa18b79f4e56adb7, type: 3}
--- !u!4 &4027119331532309029 stripped
Transform:
  m_CorrespondingSourceObject: {fileID: 974460941788551507, guid: c6b456542fbd29f4aa18b79f4e56adb7,
    type: 3}
  m_PrefabInstance: {fileID: 4208271501056220022}
  m_PrefabAsset: {fileID: 0}
--- !u!1001 &4208271501118737776
PrefabInstance:
  m_ObjectHideFlags: 0
  serializedVersion: 2
  m_Modification:
    m_TransformParent: {fileID: 4208271500641451479}
    m_Modifications:
    - target: {fileID: 974460941788551507, guid: 4fc5728158fb46042902a5e680b3db8e,
        type: 3}
      propertyPath: m_LocalPosition.x
      value: -7.48
      objectReference: {fileID: 0}
    - target: {fileID: 974460941788551507, guid: 4fc5728158fb46042902a5e680b3db8e,
        type: 3}
      propertyPath: m_LocalPosition.y
      value: -4.54
      objectReference: {fileID: 0}
    - target: {fileID: 974460941788551507, guid: 4fc5728158fb46042902a5e680b3db8e,
        type: 3}
      propertyPath: m_LocalPosition.z
      value: 19.720304
      objectReference: {fileID: 0}
    - target: {fileID: 974460941788551507, guid: 4fc5728158fb46042902a5e680b3db8e,
        type: 3}
      propertyPath: m_LocalRotation.x
      value: -0
      objectReference: {fileID: 0}
    - target: {fileID: 974460941788551507, guid: 4fc5728158fb46042902a5e680b3db8e,
        type: 3}
      propertyPath: m_LocalRotation.y
      value: -0
      objectReference: {fileID: 0}
    - target: {fileID: 974460941788551507, guid: 4fc5728158fb46042902a5e680b3db8e,
        type: 3}
      propertyPath: m_LocalRotation.z
      value: -0
      objectReference: {fileID: 0}
    - target: {fileID: 974460941788551507, guid: 4fc5728158fb46042902a5e680b3db8e,
        type: 3}
      propertyPath: m_LocalRotation.w
      value: 1
      objectReference: {fileID: 0}
    - target: {fileID: 974460941788551507, guid: 4fc5728158fb46042902a5e680b3db8e,
        type: 3}
      propertyPath: m_RootOrder
      value: 2
      objectReference: {fileID: 0}
    - target: {fileID: 974460941788551507, guid: 4fc5728158fb46042902a5e680b3db8e,
        type: 3}
      propertyPath: m_LocalEulerAnglesHint.x
      value: 0
      objectReference: {fileID: 0}
    - target: {fileID: 974460941788551507, guid: 4fc5728158fb46042902a5e680b3db8e,
        type: 3}
      propertyPath: m_LocalEulerAnglesHint.y
      value: 0
      objectReference: {fileID: 0}
    - target: {fileID: 974460941788551507, guid: 4fc5728158fb46042902a5e680b3db8e,
        type: 3}
      propertyPath: m_LocalEulerAnglesHint.z
      value: 0
      objectReference: {fileID: 0}
    - target: {fileID: 974460941788551510, guid: 4fc5728158fb46042902a5e680b3db8e,
        type: 3}
      propertyPath: m_Name
      value: EndGoal
      objectReference: {fileID: 0}
    m_RemovedComponents: []
  m_SourcePrefab: {fileID: 100100000, guid: 4fc5728158fb46042902a5e680b3db8e, type: 3}
--- !u!4 &4027119331603747875 stripped
Transform:
  m_CorrespondingSourceObject: {fileID: 974460941788551507, guid: 4fc5728158fb46042902a5e680b3db8e,
    type: 3}
  m_PrefabInstance: {fileID: 4208271501118737776}
  m_PrefabAsset: {fileID: 0}
--- !u!1001 &4208271501232499054
PrefabInstance:
  m_ObjectHideFlags: 0
  serializedVersion: 2
  m_Modification:
    m_TransformParent: {fileID: 4208271500641451479}
    m_Modifications:
    - target: {fileID: 974460941788551507, guid: fe831bebf54445f4b85aa693984dd56e,
        type: 3}
      propertyPath: m_LocalPosition.x
      value: -8.91
      objectReference: {fileID: 0}
    - target: {fileID: 974460941788551507, guid: fe831bebf54445f4b85aa693984dd56e,
        type: 3}
      propertyPath: m_LocalPosition.y
      value: 0.14
      objectReference: {fileID: 0}
    - target: {fileID: 974460941788551507, guid: fe831bebf54445f4b85aa693984dd56e,
        type: 3}
      propertyPath: m_LocalPosition.z
      value: 19.720304
      objectReference: {fileID: 0}
    - target: {fileID: 974460941788551507, guid: fe831bebf54445f4b85aa693984dd56e,
        type: 3}
      propertyPath: m_LocalRotation.x
      value: -0
      objectReference: {fileID: 0}
    - target: {fileID: 974460941788551507, guid: fe831bebf54445f4b85aa693984dd56e,
        type: 3}
      propertyPath: m_LocalRotation.y
      value: -0
      objectReference: {fileID: 0}
    - target: {fileID: 974460941788551507, guid: fe831bebf54445f4b85aa693984dd56e,
        type: 3}
      propertyPath: m_LocalRotation.z
      value: -0
      objectReference: {fileID: 0}
    - target: {fileID: 974460941788551507, guid: fe831bebf54445f4b85aa693984dd56e,
        type: 3}
      propertyPath: m_LocalRotation.w
      value: 1
      objectReference: {fileID: 0}
    - target: {fileID: 974460941788551507, guid: fe831bebf54445f4b85aa693984dd56e,
        type: 3}
      propertyPath: m_RootOrder
      value: 14
      objectReference: {fileID: 0}
    - target: {fileID: 974460941788551507, guid: fe831bebf54445f4b85aa693984dd56e,
        type: 3}
      propertyPath: m_LocalEulerAnglesHint.x
      value: 0
      objectReference: {fileID: 0}
    - target: {fileID: 974460941788551507, guid: fe831bebf54445f4b85aa693984dd56e,
        type: 3}
      propertyPath: m_LocalEulerAnglesHint.y
      value: 0
      objectReference: {fileID: 0}
    - target: {fileID: 974460941788551507, guid: fe831bebf54445f4b85aa693984dd56e,
        type: 3}
      propertyPath: m_LocalEulerAnglesHint.z
      value: 0
      objectReference: {fileID: 0}
    - target: {fileID: 974460941788551510, guid: fe831bebf54445f4b85aa693984dd56e,
        type: 3}
      propertyPath: m_Name
      value: LargeWoodHorizontalPlatform (6)
      objectReference: {fileID: 0}
    m_RemovedComponents: []
  m_SourcePrefab: {fileID: 100100000, guid: fe831bebf54445f4b85aa693984dd56e, type: 3}
--- !u!4 &4027119331523457085 stripped
Transform:
  m_CorrespondingSourceObject: {fileID: 974460941788551507, guid: fe831bebf54445f4b85aa693984dd56e,
    type: 3}
  m_PrefabInstance: {fileID: 4208271501232499054}
  m_PrefabAsset: {fileID: 0}
--- !u!1001 &4208271501269840924
PrefabInstance:
  m_ObjectHideFlags: 0
  serializedVersion: 2
  m_Modification:
    m_TransformParent: {fileID: 4208271500641451479}
    m_Modifications:
    - target: {fileID: 974460941788551505, guid: 76465e2cf3867bf4187a66f6825dd842,
        type: 3}
      propertyPath: platformID
      value: 1
      objectReference: {fileID: 0}
    - target: {fileID: 974460941788551505, guid: 76465e2cf3867bf4187a66f6825dd842,
        type: 3}
      propertyPath: colorID
      value: 1
      objectReference: {fileID: 0}
    - target: {fileID: 974460941788551507, guid: 76465e2cf3867bf4187a66f6825dd842,
        type: 3}
      propertyPath: m_LocalPosition.x
      value: -4.0980244
      objectReference: {fileID: 0}
    - target: {fileID: 974460941788551507, guid: 76465e2cf3867bf4187a66f6825dd842,
        type: 3}
      propertyPath: m_LocalPosition.y
      value: -4.469578
      objectReference: {fileID: 0}
    - target: {fileID: 974460941788551507, guid: 76465e2cf3867bf4187a66f6825dd842,
        type: 3}
      propertyPath: m_LocalPosition.z
      value: 19.720304
      objectReference: {fileID: 0}
    - target: {fileID: 974460941788551507, guid: 76465e2cf3867bf4187a66f6825dd842,
        type: 3}
      propertyPath: m_LocalRotation.x
      value: -0
      objectReference: {fileID: 0}
    - target: {fileID: 974460941788551507, guid: 76465e2cf3867bf4187a66f6825dd842,
        type: 3}
      propertyPath: m_LocalRotation.y
      value: -0
      objectReference: {fileID: 0}
    - target: {fileID: 974460941788551507, guid: 76465e2cf3867bf4187a66f6825dd842,
        type: 3}
      propertyPath: m_LocalRotation.z
      value: -0
      objectReference: {fileID: 0}
    - target: {fileID: 974460941788551507, guid: 76465e2cf3867bf4187a66f6825dd842,
        type: 3}
      propertyPath: m_LocalRotation.w
      value: 1
      objectReference: {fileID: 0}
    - target: {fileID: 974460941788551507, guid: 76465e2cf3867bf4187a66f6825dd842,
        type: 3}
      propertyPath: m_RootOrder
      value: 0
      objectReference: {fileID: 0}
    - target: {fileID: 974460941788551507, guid: 76465e2cf3867bf4187a66f6825dd842,
        type: 3}
      propertyPath: m_LocalEulerAnglesHint.x
      value: 0
      objectReference: {fileID: 0}
    - target: {fileID: 974460941788551507, guid: 76465e2cf3867bf4187a66f6825dd842,
        type: 3}
      propertyPath: m_LocalEulerAnglesHint.y
      value: 0
      objectReference: {fileID: 0}
    - target: {fileID: 974460941788551507, guid: 76465e2cf3867bf4187a66f6825dd842,
        type: 3}
      propertyPath: m_LocalEulerAnglesHint.z
      value: 0
      objectReference: {fileID: 0}
    - target: {fileID: 974460941788551510, guid: 76465e2cf3867bf4187a66f6825dd842,
        type: 3}
      propertyPath: m_Name
      value: OutlineHorizontalPlatform
      objectReference: {fileID: 0}
    m_RemovedComponents: []
  m_SourcePrefab: {fileID: 100100000, guid: 76465e2cf3867bf4187a66f6825dd842, type: 3}
--- !u!4 &4027119331486346575 stripped
Transform:
  m_CorrespondingSourceObject: {fileID: 974460941788551507, guid: 76465e2cf3867bf4187a66f6825dd842,
    type: 3}
  m_PrefabInstance: {fileID: 4208271501269840924}
  m_PrefabAsset: {fileID: 0}
--- !u!1001 &4208271501310844958
PrefabInstance:
  m_ObjectHideFlags: 0
  serializedVersion: 2
  m_Modification:
    m_TransformParent: {fileID: 4208271500641451479}
    m_Modifications:
    - target: {fileID: 974460941788551507, guid: 96737653947095f45ad472cd769d3429,
        type: 3}
      propertyPath: m_LocalPosition.x
      value: 7.7
      objectReference: {fileID: 0}
    - target: {fileID: 974460941788551507, guid: 96737653947095f45ad472cd769d3429,
        type: 3}
      propertyPath: m_LocalPosition.y
      value: -3.61
      objectReference: {fileID: 0}
    - target: {fileID: 974460941788551507, guid: 96737653947095f45ad472cd769d3429,
        type: 3}
      propertyPath: m_LocalPosition.z
      value: 19.720304
      objectReference: {fileID: 0}
    - target: {fileID: 974460941788551507, guid: 96737653947095f45ad472cd769d3429,
        type: 3}
      propertyPath: m_LocalRotation.x
      value: -0
      objectReference: {fileID: 0}
    - target: {fileID: 974460941788551507, guid: 96737653947095f45ad472cd769d3429,
        type: 3}
      propertyPath: m_LocalRotation.y
      value: -0
      objectReference: {fileID: 0}
    - target: {fileID: 974460941788551507, guid: 96737653947095f45ad472cd769d3429,
        type: 3}
      propertyPath: m_LocalRotation.z
      value: -0
      objectReference: {fileID: 0}
    - target: {fileID: 974460941788551507, guid: 96737653947095f45ad472cd769d3429,
        type: 3}
      propertyPath: m_LocalRotation.w
      value: 1
      objectReference: {fileID: 0}
    - target: {fileID: 974460941788551507, guid: 96737653947095f45ad472cd769d3429,
        type: 3}
      propertyPath: m_RootOrder
      value: 9
      objectReference: {fileID: 0}
    - target: {fileID: 974460941788551507, guid: 96737653947095f45ad472cd769d3429,
        type: 3}
      propertyPath: m_LocalEulerAnglesHint.x
      value: 0
      objectReference: {fileID: 0}
    - target: {fileID: 974460941788551507, guid: 96737653947095f45ad472cd769d3429,
        type: 3}
      propertyPath: m_LocalEulerAnglesHint.y
      value: 0
      objectReference: {fileID: 0}
    - target: {fileID: 974460941788551507, guid: 96737653947095f45ad472cd769d3429,
        type: 3}
      propertyPath: m_LocalEulerAnglesHint.z
      value: 0
      objectReference: {fileID: 0}
    - target: {fileID: 974460941788551510, guid: 96737653947095f45ad472cd769d3429,
        type: 3}
      propertyPath: m_Name
      value: LargeWoodeVerticallPlatform (1)
      objectReference: {fileID: 0}
    m_RemovedComponents: []
  m_SourcePrefab: {fileID: 100100000, guid: 96737653947095f45ad472cd769d3429, type: 3}
--- !u!4 &4027119331812112717 stripped
Transform:
  m_CorrespondingSourceObject: {fileID: 974460941788551507, guid: 96737653947095f45ad472cd769d3429,
    type: 3}
  m_PrefabInstance: {fileID: 4208271501310844958}
  m_PrefabAsset: {fileID: 0}
--- !u!1001 &4208271501405393534
PrefabInstance:
  m_ObjectHideFlags: 0
  serializedVersion: 2
  m_Modification:
    m_TransformParent: {fileID: 4208271500641451479}
    m_Modifications:
    - target: {fileID: 974460941788551507, guid: c6b456542fbd29f4aa18b79f4e56adb7,
        type: 3}
      propertyPath: m_LocalPosition.x
      value: 5.43
      objectReference: {fileID: 0}
    - target: {fileID: 974460941788551507, guid: c6b456542fbd29f4aa18b79f4e56adb7,
        type: 3}
      propertyPath: m_LocalPosition.y
      value: -0.3828268
      objectReference: {fileID: 0}
    - target: {fileID: 974460941788551507, guid: c6b456542fbd29f4aa18b79f4e56adb7,
        type: 3}
      propertyPath: m_LocalPosition.z
      value: 19.720304
      objectReference: {fileID: 0}
    - target: {fileID: 974460941788551507, guid: c6b456542fbd29f4aa18b79f4e56adb7,
        type: 3}
      propertyPath: m_LocalRotation.x
      value: -0
      objectReference: {fileID: 0}
    - target: {fileID: 974460941788551507, guid: c6b456542fbd29f4aa18b79f4e56adb7,
        type: 3}
      propertyPath: m_LocalRotation.y
      value: -0
      objectReference: {fileID: 0}
    - target: {fileID: 974460941788551507, guid: c6b456542fbd29f4aa18b79f4e56adb7,
        type: 3}
      propertyPath: m_LocalRotation.z
      value: -0
      objectReference: {fileID: 0}
    - target: {fileID: 974460941788551507, guid: c6b456542fbd29f4aa18b79f4e56adb7,
        type: 3}
      propertyPath: m_LocalRotation.w
      value: 1
      objectReference: {fileID: 0}
    - target: {fileID: 974460941788551507, guid: c6b456542fbd29f4aa18b79f4e56adb7,
        type: 3}
      propertyPath: m_RootOrder
      value: 17
      objectReference: {fileID: 0}
    - target: {fileID: 974460941788551507, guid: c6b456542fbd29f4aa18b79f4e56adb7,
        type: 3}
      propertyPath: m_LocalEulerAnglesHint.x
      value: 0
      objectReference: {fileID: 0}
    - target: {fileID: 974460941788551507, guid: c6b456542fbd29f4aa18b79f4e56adb7,
        type: 3}
      propertyPath: m_LocalEulerAnglesHint.y
      value: 0
      objectReference: {fileID: 0}
    - target: {fileID: 974460941788551507, guid: c6b456542fbd29f4aa18b79f4e56adb7,
        type: 3}
      propertyPath: m_LocalEulerAnglesHint.z
      value: 0
      objectReference: {fileID: 0}
    - target: {fileID: 974460941788551510, guid: c6b456542fbd29f4aa18b79f4e56adb7,
        type: 3}
      propertyPath: m_Name
      value: SmallUncolorHorizontalPlatform (3)
      objectReference: {fileID: 0}
    m_RemovedComponents: []
  m_SourcePrefab: {fileID: 100100000, guid: c6b456542fbd29f4aa18b79f4e56adb7, type: 3}
--- !u!4 &4027119331889875757 stripped
Transform:
  m_CorrespondingSourceObject: {fileID: 974460941788551507, guid: c6b456542fbd29f4aa18b79f4e56adb7,
    type: 3}
  m_PrefabInstance: {fileID: 4208271501405393534}
  m_PrefabAsset: {fileID: 0}
--- !u!1001 &4208271501466452875
PrefabInstance:
  m_ObjectHideFlags: 0
  serializedVersion: 2
  m_Modification:
    m_TransformParent: {fileID: 4208271500641451479}
    m_Modifications:
    - target: {fileID: 974460941788551507, guid: fe831bebf54445f4b85aa693984dd56e,
        type: 3}
      propertyPath: m_LocalPosition.x
      value: -7.53
      objectReference: {fileID: 0}
    - target: {fileID: 974460941788551507, guid: fe831bebf54445f4b85aa693984dd56e,
        type: 3}
      propertyPath: m_LocalPosition.y
      value: -2.16
      objectReference: {fileID: 0}
    - target: {fileID: 974460941788551507, guid: fe831bebf54445f4b85aa693984dd56e,
        type: 3}
      propertyPath: m_LocalPosition.z
      value: 19.720304
      objectReference: {fileID: 0}
    - target: {fileID: 974460941788551507, guid: fe831bebf54445f4b85aa693984dd56e,
        type: 3}
      propertyPath: m_LocalRotation.x
      value: -0
      objectReference: {fileID: 0}
    - target: {fileID: 974460941788551507, guid: fe831bebf54445f4b85aa693984dd56e,
        type: 3}
      propertyPath: m_LocalRotation.y
      value: -0
      objectReference: {fileID: 0}
    - target: {fileID: 974460941788551507, guid: fe831bebf54445f4b85aa693984dd56e,
        type: 3}
      propertyPath: m_LocalRotation.z
      value: -0
      objectReference: {fileID: 0}
    - target: {fileID: 974460941788551507, guid: fe831bebf54445f4b85aa693984dd56e,
        type: 3}
      propertyPath: m_LocalRotation.w
      value: 1
      objectReference: {fileID: 0}
    - target: {fileID: 974460941788551507, guid: fe831bebf54445f4b85aa693984dd56e,
        type: 3}
      propertyPath: m_RootOrder
      value: 15
      objectReference: {fileID: 0}
    - target: {fileID: 974460941788551507, guid: fe831bebf54445f4b85aa693984dd56e,
        type: 3}
      propertyPath: m_LocalEulerAnglesHint.x
      value: 0
      objectReference: {fileID: 0}
    - target: {fileID: 974460941788551507, guid: fe831bebf54445f4b85aa693984dd56e,
        type: 3}
      propertyPath: m_LocalEulerAnglesHint.y
      value: 0
      objectReference: {fileID: 0}
    - target: {fileID: 974460941788551507, guid: fe831bebf54445f4b85aa693984dd56e,
        type: 3}
      propertyPath: m_LocalEulerAnglesHint.z
      value: 0
      objectReference: {fileID: 0}
    - target: {fileID: 974460941788551510, guid: fe831bebf54445f4b85aa693984dd56e,
        type: 3}
      propertyPath: m_Name
      value: LargeWoodHorizontalPlatform (7)
      objectReference: {fileID: 0}
    m_RemovedComponents: []
  m_SourcePrefab: {fileID: 100100000, guid: fe831bebf54445f4b85aa693984dd56e, type: 3}
--- !u!4 &4027119331690306264 stripped
Transform:
  m_CorrespondingSourceObject: {fileID: 974460941788551507, guid: fe831bebf54445f4b85aa693984dd56e,
    type: 3}
  m_PrefabInstance: {fileID: 4208271501466452875}
  m_PrefabAsset: {fileID: 0}
--- !u!1001 &4208271501526660972
PrefabInstance:
  m_ObjectHideFlags: 0
  serializedVersion: 2
  m_Modification:
    m_TransformParent: {fileID: 4208271500641451479}
    m_Modifications:
    - target: {fileID: 974460941788551507, guid: 96737653947095f45ad472cd769d3429,
        type: 3}
      propertyPath: m_LocalPosition.x
      value: 4.64
      objectReference: {fileID: 0}
    - target: {fileID: 974460941788551507, guid: 96737653947095f45ad472cd769d3429,
        type: 3}
      propertyPath: m_LocalPosition.y
      value: -0.9199999
      objectReference: {fileID: 0}
    - target: {fileID: 974460941788551507, guid: 96737653947095f45ad472cd769d3429,
        type: 3}
      propertyPath: m_LocalPosition.z
      value: 19.720304
      objectReference: {fileID: 0}
    - target: {fileID: 974460941788551507, guid: 96737653947095f45ad472cd769d3429,
        type: 3}
      propertyPath: m_LocalRotation.x
      value: -0
      objectReference: {fileID: 0}
    - target: {fileID: 974460941788551507, guid: 96737653947095f45ad472cd769d3429,
        type: 3}
      propertyPath: m_LocalRotation.y
      value: -0
      objectReference: {fileID: 0}
    - target: {fileID: 974460941788551507, guid: 96737653947095f45ad472cd769d3429,
        type: 3}
      propertyPath: m_LocalRotation.z
      value: -0
      objectReference: {fileID: 0}
    - target: {fileID: 974460941788551507, guid: 96737653947095f45ad472cd769d3429,
        type: 3}
      propertyPath: m_LocalRotation.w
      value: 1
      objectReference: {fileID: 0}
    - target: {fileID: 974460941788551507, guid: 96737653947095f45ad472cd769d3429,
        type: 3}
      propertyPath: m_RootOrder
      value: 7
      objectReference: {fileID: 0}
    - target: {fileID: 974460941788551507, guid: 96737653947095f45ad472cd769d3429,
        type: 3}
      propertyPath: m_LocalEulerAnglesHint.x
      value: 0
      objectReference: {fileID: 0}
    - target: {fileID: 974460941788551507, guid: 96737653947095f45ad472cd769d3429,
        type: 3}
      propertyPath: m_LocalEulerAnglesHint.y
      value: 0
      objectReference: {fileID: 0}
    - target: {fileID: 974460941788551507, guid: 96737653947095f45ad472cd769d3429,
        type: 3}
      propertyPath: m_LocalEulerAnglesHint.z
      value: 0
      objectReference: {fileID: 0}
    - target: {fileID: 974460941788551510, guid: 96737653947095f45ad472cd769d3429,
        type: 3}
      propertyPath: m_Name
      value: LargeWoodeVerticallPlatform
      objectReference: {fileID: 0}
    m_RemovedComponents: []
  m_SourcePrefab: {fileID: 100100000, guid: 96737653947095f45ad472cd769d3429, type: 3}
--- !u!4 &4027119331734842943 stripped
Transform:
  m_CorrespondingSourceObject: {fileID: 974460941788551507, guid: 96737653947095f45ad472cd769d3429,
    type: 3}
  m_PrefabInstance: {fileID: 4208271501526660972}
  m_PrefabAsset: {fileID: 0}
--- !u!1001 &4208271501752580152
PrefabInstance:
  m_ObjectHideFlags: 0
  serializedVersion: 2
  m_Modification:
    m_TransformParent: {fileID: 4208271500641451479}
    m_Modifications:
    - target: {fileID: 974460941788551507, guid: fe831bebf54445f4b85aa693984dd56e,
        type: 3}
      propertyPath: m_LocalPosition.x
      value: -6.49
      objectReference: {fileID: 0}
    - target: {fileID: 974460941788551507, guid: fe831bebf54445f4b85aa693984dd56e,
        type: 3}
      propertyPath: m_LocalPosition.y
      value: 0.14
      objectReference: {fileID: 0}
    - target: {fileID: 974460941788551507, guid: fe831bebf54445f4b85aa693984dd56e,
        type: 3}
      propertyPath: m_LocalPosition.z
      value: 19.720304
      objectReference: {fileID: 0}
    - target: {fileID: 974460941788551507, guid: fe831bebf54445f4b85aa693984dd56e,
        type: 3}
      propertyPath: m_LocalRotation.x
      value: -0
      objectReference: {fileID: 0}
    - target: {fileID: 974460941788551507, guid: fe831bebf54445f4b85aa693984dd56e,
        type: 3}
      propertyPath: m_LocalRotation.y
      value: -0
      objectReference: {fileID: 0}
    - target: {fileID: 974460941788551507, guid: fe831bebf54445f4b85aa693984dd56e,
        type: 3}
      propertyPath: m_LocalRotation.z
      value: -0
      objectReference: {fileID: 0}
    - target: {fileID: 974460941788551507, guid: fe831bebf54445f4b85aa693984dd56e,
        type: 3}
      propertyPath: m_LocalRotation.w
      value: 1
      objectReference: {fileID: 0}
    - target: {fileID: 974460941788551507, guid: fe831bebf54445f4b85aa693984dd56e,
        type: 3}
      propertyPath: m_RootOrder
      value: 13
      objectReference: {fileID: 0}
    - target: {fileID: 974460941788551507, guid: fe831bebf54445f4b85aa693984dd56e,
        type: 3}
      propertyPath: m_LocalEulerAnglesHint.x
      value: 0
      objectReference: {fileID: 0}
    - target: {fileID: 974460941788551507, guid: fe831bebf54445f4b85aa693984dd56e,
        type: 3}
      propertyPath: m_LocalEulerAnglesHint.y
      value: 0
      objectReference: {fileID: 0}
    - target: {fileID: 974460941788551507, guid: fe831bebf54445f4b85aa693984dd56e,
        type: 3}
      propertyPath: m_LocalEulerAnglesHint.z
      value: 0
      objectReference: {fileID: 0}
    - target: {fileID: 974460941788551510, guid: fe831bebf54445f4b85aa693984dd56e,
        type: 3}
      propertyPath: m_Name
      value: LargeWoodHorizontalPlatform (5)
      objectReference: {fileID: 0}
    m_RemovedComponents: []
  m_SourcePrefab: {fileID: 100100000, guid: fe831bebf54445f4b85aa693984dd56e, type: 3}
--- !u!4 &4027119332043530603 stripped
Transform:
  m_CorrespondingSourceObject: {fileID: 974460941788551507, guid: fe831bebf54445f4b85aa693984dd56e,
    type: 3}
  m_PrefabInstance: {fileID: 4208271501752580152}
  m_PrefabAsset: {fileID: 0}
